1651 2700
763 144 1016 180 —210—

273 243 304 274 5.
331 241 380 273 Tu
405 240 564 274 excelsum
589 240 766 284 brachium,

330 288 449 332 Terris,
476 288 583 328 regnis
608 287 786 331 dominans,

329 335 403 370 Non
429 335 577 371 extendis
601 336 752 379 gladium,

329 383 408 422 Quia
432 383 504 423 pius
526 383 687 426 mitigans,

328 430 379 462 Da
402 439 543 471 perenne
567 431 717 471 gaudium

329 478 435 512 Corda
458 482 566 510 nostra
590 479 759 515 luminans

271 552 304 584 6.
329 550 417 583 Deus
442 553 477 582 tu
501 551 729 594 sanctissimuS,

326 597 423 630 Facis
447 598 621 641 mirabilia,

329 646 423 679 Solus
448 648 483 677 tu
507 644 735 689 sanctissimus,

330 689 420 736 (Qui)
446 691 525 724 facis
550 694 718 734 terribilia,

331 740 423 772 Solus
450 740 722 781 clementissimus,

329 787 423 819 Facis
448 787 608 821 amabilia.

274 860 305 892 7.
331 859 493 900 Hymnum
517 859 577 890 tibi
603 859 743 891 canimus

328 906 457 940 Timore
480 907 664 949 servientes,

330 954 403 986 Tibi
429 958 553 986 cantum
580 954 713 986 facimus

328 1002 480 1034 Tremore
505 1002 710 1044 exsultantes,

330 1049 458 1082 Gratias
482 1059 540 1081 nos
565 1050 685 1089 agimus

327 1098 446 1128 Amore
471 1100 503 1127 te
526 1097 684 1130 timentes

269 1169 294 1200 8,
327 1167 460 1200 Creator
484 1171 518 1199 tu
544 1171 737 1211 cunctorum,

329 1215 443 1247 Omnes
468 1218 502 1246 tu
527 1215 701 1258 vivificans,

330 1262 479 1295 Nutritor
504 1271 537 1294 es
561 1263 716 1304 vivorum,

326 1309 479 1341 Homines
503 1310 709 1350 mortificanS,

330 1358 340 1392 (
344 1355 407 1401 Tu)
433 1358 574 1389 salvator
595 1361 800 1400 mortuorum,

327 1405 419 1444 Ipsos
445 1407 481 1436 tu
505 1404 680 1447 vivificanS,

257 1476 288 1507 9.
317 1476 415 1515 Caeli,
441 1478 547 1508 terrae
571 1476 717 1519 iubilent,

326 1523 398 1554 Tibi
424 1527 534 1555 cantus
560 1523 688 1567 faciant,

328 1570 372 1602 Hi
396 1571 518 1603 servire
542 1575 745 1614 praeparent,

326 1618 399 1650 Tibi
423 1618 492 1650 Deo
516 1623 661 1658 pareant,

325 1665 370 1697 Hi
394 1666 524 1698 subesse
548 1667 689 1710 vigilent,

325 1713 371 1744 Te
396 1722 503 1745 amore
526 1714 668 1747 timeant.

245 1783 299 1816 10.
327 1784 410 1816 Sono
435 1785 625 1824 peramabili

323 1831 484 1872 Hymnum
509 1833 569 1864 tibi
596 1834 747 1878 canimus,

324 1879 409 1910 Voce
433 1880 617 1912 incessabili

324 1926 398 1958 Tibi
422 1927 562 1960 Sanctus
589 1929 722 1961 dicimus

323 1973 459 2014 Tibique
482 1975 623 2008 mirabili

327 2020 456 2054 Gratias
480 2032 537 2054 nos
563 2024 695 2064 agimus,

932 241 987 275 11.

930 552 985 585 12.

928 862 984 896 13.

928 1171 984 1205 14.

925 1480 981 1514 15.

926 1789 981 1824 16.

1013 241 1194 274 Serviamus
1219 242 1360 282 principi

1013 290 1088 323 Tibi
1112 290 1344 330 potentissimo,

1012 337 1093 374 Non,
1110 338 1252 374 valemus
1279 338 1395 380 decipi,

1013 386 1142 420 Erimus
1166 387 1200 418 in
1225 386 1353 428 gaudio,

1013 433 1073 473 Qui
1097 443 1160 466 non
1187 435 1275 475 cupit
1299 434 1412 479 proici,

1011 482 1144 514 Placeat
1168 482 1334 515 altissimo.

1012 552 1079 585 Nos
1104 553 1236 585 vocibus
1259 554 1431 586 clamamus

1010 601 1063 633 Ad
1089 604 1121 631 te
1148 601 1265 642 devoti,
1290 601 1390 636 Deus.

1010 648 1064 680 Ad
1088 652 1215 688 portam
1235 658 1295 681 nos
1321 649 1495 691 pulsamus,

1011 695 1078 728 Nos
1103 697 1189 737 audi,
1217 700 1323 729 custos
1347 706 1452 740 verus,

1010 744 1131 776 Videre
1155 747 1187 776 te
1212 748 1367 787 optamus,

1012 791 1072 830 Qui
1097 800 1130 823 es
1156 801 1264 824 amore
1288 793 1411 832 plenus,

1011 863 1140 896 Summa
1164 867 1199 895 tu
1222 865 1386 906 nobilitas,

1010 911 1060 943 Tu
1084 914 1173 943 actus
1198 912 1241 944 ad
1266 912 1474 953 parcendum,

1010 960 1111 991 Totus
1137 967 1170 990 es
1195 959 1386 1002 benignitas,

1010 1004 1060 1038 Tu
1083 1006 1219 1046 praebes
1244 1008 1287 1040 ad
1312 1008 1527 1049 gaudendum,

1010 1053 1060 1085 Tu
1086 1054 1202 1086 donum
1227 1064 1266 1087 ae
1289 1056 1433 1096 largitas„

1009 1101 1059 1132 Tu
1084 1101 1210 1134 confers
1236 1103 1279 1134 ad
1302 1103 1483 1136 vivendum.

1011 1173 1059 1204 Tu
1084 1173 1244 1217 princeps,
1271 1184 1328 1207 rex
1357 1175 1515 1218 caelestis,

1010 1220 1058 1252 Tu
1085 1223 1268 1254 cunctorum
1294 1223 1461 1265 Dominus,

1009 1267 1058 1299 Tu
1082 1273 1185 1308 pater,
1211 1270 1320 1313 iudex,
1346 1271 1450 1313 testis,

1009 1314 1162 1355 Cognitor
1188 1316 1228 1348 de
1253 1318 1408 1361 omnibus,

1009 1363 1059 1395 Tu
1083 1372 1182 1406 creas,
1208 1365 1323 1406 nutris,
1349 1366 1460 1407 vestis,

1008 1410 1056 1441 Tu
1082 1414 1206 1443 saturas
1231 1413 1378 1452 panibus.

1006 1481 1055 1512 Tu
1079 1482 1185 1521 pascis
1212 1486 1341 1516 cunctas
1367 1494 1442 1517 oves

1008 1529 1220 1569 Custodisque
1246 1532 1408 1575 conducis,

1007 1575 1056 1607 Tu
1078 1585 1177 1617 super
1202 1587 1310 1611 omnes
1335 1584 1437 1623 potes,

1008 1623 1057 1655 Tu
1081 1625 1249 1665 salvasque
1274 1625 1411 1670 reducis,

1007 1671 1057 1702 Tu
1080 1674 1199 1704 terram
1227 1671 1378 1717 :quo]que
1402 1685 1522 1718 moves,

1007 1718 1057 1750 Tu
1082 1728 1115 1751 es
1140 1720 1275 1762 largitor
1296 1723 1388 1759 lucis.

1007 1789 1106 1832 Deus,
1133 1801 1174 1824 ne
1198 1802 1256 1825 nos
1283 1794 1423 1839 deseras,

1008 1837 1072 1871 Sed
1098 1841 1233 1883 custodi,
1259 1846 1403 1887 protege,

1006 1886 1143 1919 Nosti-as
1167 1889 1254 1929 pelle
1277 1891 1439 1935 tenebras,

1006 1932 1141 1967 Hostem
1164 1940 1309 1969 nostrum
1333 1941 1517 1985 comprime,

1007 1981 1109 2014 Nobis
1134 1986 1169 2015 tu
1194 1985 1372 2027 indulgeas,

1007 2028 1074 2062 Nos
1101 2031 1235 2071 dispone
1261 2040 1383 2069 veniae.

625 2121 669 2152 37.
709 2122 846 2162 Hymnus
867 2124 908 2157 ad
927 2126 1055 2159 laudem
1077 2128 1142 2161 Dei.

240 2188 271 2221 1.
298 2189 365 2221 Nos
389 2190 493 2222 Deum
519 2191 688 2232 diligamus

298 2236 365 2269 Nos
389 2238 557 2279 ipsumque
581 2240 739 2283 timentes,

297 2284 364 2316 Nos
388 2286 475 2326 ipsos
502 2288 694 2328 corrigamus

295 2332 340 2364 Et
364 2334 543 2373 proximum
568 2340 721 2378 amantes,

297 2380 364 2412 Nos
389 2391 546 2424 pauperes
571 2393 739 2424 pascamus

297 2429 365 2461 Iam
389 2430 491 2462 nudos
517 2433 697 2465 vestientes.

923 2199 955 2230 2.

980 2198 1087 2232 Elisos
1113 2203 1271 2243 erigamus

981 2246 1161 2287 oppressos
1186 2252 1377 2295 relevantes,

982 2294 1131 2329 Gravatis
1156 2307 1379 2334 succuiramus

979 2342 1122 2377 Devotos
1145 2346 1357 2393 hospitantes,

982 2390 1120 2424 Gontriti
1145 2404 1328 2429 maneamus

980 2438 1031 2471 De
1054 2442 1147 2474 malis
1171 2445 1382 2483 paenitentes.
