1651 2700
703 139 964 175 —201—

185 229 241 263 15.
267 231 318 263 Tu
342 240 402 271 pro
428 232 588 264 communi
613 243 754 279 munere,

265 278 348 311 Nam
384 282 419 311 tu
443 290 622 321 passusque
647 284 803 323 sepultus.

266 327 316 359 Tu
341 328 484 368 pretioso
510 330 665 369 sanguine

265 375 435 408 Mundasti
460 380 604 409 nostrum
630 378 746 421 scelus,

263 423 314 456 Tu
340 424 469 465 quidem
496 425 549 457 die
574 426 671 458 tertia

182 471 239 505 20.
269 471 338 504 Iam
364 473 535 505 surrexisti
558 473 762 517 splendidus,

265 520 304 551 In
329 520 433 560 patris
459 521 553 553 sedes
580 522 724 561 dextera,

263 567 340 599 Eris
365 568 481 600 iterum
510 572 662 602 venturus

263 615 299 647 In
329 615 529 657 dexteroque
553 617 657 650 latere

264 662 372 695 Stabit
394 665 497 696 omnis
523 665 617 697 homo
642 666 755 706 bouus,

180 711 237 744 25.
265 710 330 744 Sed
355 712 389 744 in
414 713 546 745 sinistro
572 713 675 746 latere

962 239 1069 272 Stabit
1094 241 1197 273 omnis
1223 241 1316 274 homo
1342 242 1456 276 malus.

960 287 1001 320 In
1026 289 1111 321 iusto
1136 291 1172 321 tu
1198 289 1343 322 examine

960 334 1036 368 Eris
1064 340 1178 369 cuncta
1204 337 1406 370 discussurus

961 384 1000 415 In
1026 393 1167 425 veroque
1189 385 1361 418 libramine

879 430 936 463 30.
963 430 1039 463 Eris
1065 441 1123 464 nos
1148 433 1360 477 iudicaturus,

960 478 1104 519 Regnum
1130 483 1219 512 tuum
1243 482 1312 513 sine
1334 482 1398 514 fine

960 526 1005 557 Et
1029 529 1064 558 tu
1090 536 1218 568 semper
1243 532 1443 569 regnaturus.

962 573 1124 607 Gaudebit
1150 575 1251 608 bonus
1277 577 1390 618 gloria,

960 621 1068 654 Malus
1094 631 1223 664 semper
1247 624 1430 665 puniturus,

877 669 934 703 35.
961 669 1044 701 Nam
1073 670 1172 703 bonus
1199 672 1231 703 in
1257 673 1421 712 memoria,

958 717 1066 750 Malus
1092 728 1253 760 nunquam
1278 721 1448 753 relaturus.

248 794 282 824 19
302 797 377 825 fehlt
398 798 466 826 eine
489 798 572 827 Silbe
593 808 640 827 am
661 800 769 828 Vei-se:
790 801 862 829 lies:
882 802 1075 831 Emundasti.

417 911 467 942 25.
509 911 645 951 Hymnus
669 913 706 945 de
729 921 858 954 corpore
881 916 913 946 et
933 917 1089 957 sanguine
1113 917 1238 949 Christi.

259 1006 413 1039 Divinum
439 1007 474 1039 id
501 1008 681 1041 convivium

261 1054 395 1094 Quidem
409 1064 545 1094 sacrum,
561 1057 798 1098 admirandum,

261 1101 306 1133 Et
329 1102 391 1134 hoc
417 1103 721 1136 excellentissimum

261 1150 505 1182 Sacramentum
530 1152 760 1193 venerandum,

196 1198 231 1230 5.
259 1196 332 1229 Hoc
357 1206 523 1237 summum,
550 1198 795 1242 nobilissimum,

255 1244 318 1277 Est
343 1254 362 1278 a
388 1246 512 1278 cunctis
538 1246 750 1286 adorandum,

256 1293 319 1325 Est
343 1294 405 1325 hoo
429 1294 709 1334 pretiosissimum,

257 1342 296 1374 Id
323 1350 403 1381 prae
430 1342 552 1374 cunctis
571 1343 793 1376 exaltandum.

258 1389 330 1421 Hoc
354 1393 501 1422 sanctum
527 1394 764 1423 sacramentum

175 1437 231 1470 10.
257 1437 466 1478 Diligendum
493 1441 525 1470 et
550 1439 730 1482 amandum,

257 1485 330 1518 Hoc
356 1489 388 1518 et
411 1486 634 1518 suavissimum

256 1533 426 1575 Nimisque
451 1533 707 1578 glorificandum,

252 1582 315 1614 Est
339 1582 401 1614 hoc
427 1585 460 1614 et
485 1583 771 1626 sollennissimum,

253 1630 335 1662 Toto
363 1631 461 1663 corde
486 1631 720 1674 honorandum,

172 1677 226 1710 15.
254 1677 370 1720 Suave,
399 1679 644 1711 dilectissimum

254 1726 372 1759 Sancte
397 1736 455 1759 nos
480 1728 523 1760 ad
549 1728 770 1772 recreandum,

253 1775 492 1816 Delectansque
519 1775 741 1809 dulcissimum

254 1823 322 1856 Nos
347 1823 462 1856 fideles
484 1823 742 1860 confortandum.

957 1011 1027 1043 Hoc
1050 1012 1156 1052 ipsum
1181 1014 1438 1052 potentissimum

872 1059 928 1091 20.
952 1059 1007 1091 Ad
1033 1058 1176 1091 infirmos
1202 1062 1428 1100 resanandum,

955 1106 1115 1146 Amabile,
1142 1108 1359 1151 purissimum,

955 1154 1212 1194 Timendumque
1236 1155 1445 1198 laudandum,

953 1200 1076 1233 Lumen
1101 1202 1136 1233 id
1163 1202 1387 1245 clarissimum,

952 1248 1071 1281 Datum
1104 1250 1197 1282 nobis
1222 1251 1263 1283 ad
1290 1252 1491 1292 salvandum,

870 1297 925 1329 25.
953 1297 1146 1329 Memoriale
1170 1299 1342 1330 maximum

952 1344 1054 1377 Nobis
1083 1345 1180 1386 digne
1206 1347 1449 1386 recensendum,

950 1392 982 1425 A
1006 1393 1076 1425 Deo
1103 1393 1298 1426 salutificum

949 1441 1003 1473 Ad
1010 1450 1068 1473 nos
1077 1441 1188 1474 datum
1196 1443 1490 1484 contemplandum,

952 1488 1164 1530 Caelesteque
1188 1490 1390 1533 altissimum,

868 1536 923 1570 30.
951 1538 1216 1578 Prosequendum
1233 1539 1277 1582 id,
1308 1539 1488 1583 colendum,

949 1586 989 1618 Id
1016 1586 1155 1629 salubre,
1184 1586 1378 1627 munificum,

951 1633 1065 1666 Cuncti
1091 1634 1157 1666 sint
1180 1635 1223 1667 ad
1246 1635 1486 1677 celebrandum,

951 1682 1034 1714 Prae
1059 1683 1206 1715 omnibus
1232 1683 1447 1725 magnificum,

950 1730 1047 1762 Nullo
1073 1730 1169 1763 modo
1198 1731 1421 1776 dubitandum,

866 1778 921 1811 35.
948 1778 1010 1810 Est
1034 1779 1069 1811 id
1095 1780 1375 1822 virtuosissimum,

949 1826 1051 1859 Nobis
1084 1828 1194 1860 datum
1220 1829 1263 1861 ad
1288 1829 1488 1864 laetandum.

230 1906 247 1937 9
272 1909 348 1937 fehlt
373 1911 439 1938 eine
470 1910 569 1946 Silhe3
596 1911 651 1939 lies
677 1911 745 1940 Hoc
772 1913 836 1940 est?
863 1927 902 1931 -
932 1911 965 1940 11
994 1913 1117 1950 ebenso;
1145 1914 1200 1943 lies
1224 1915 1294 1943 Hoc
1320 1918 1428 1952 atque&¹
1452 1931 1490 1937 —

151 1944 191 1974 22
213 1948 338 1984 ebeuso;
359 1949 416 1977 lies
437 1949 614 1977 Timendum
636 1952 746 1987 atque?
768 1965 806 1970 —
826 1949 864 1980 23
885 1952 1006 1988 ebenso;
1029 1952 1085 1981 lies
1105 1953 1136 1981 id
1159 1954 1222 1981 est?

602 2065 649 2097 26.
691 2065 830 2105 Hymnus
852 2065 890 2098 (le
913 2066 1031 2098 eodem.

248 2160 311 2193 Hic
336 2163 468 2193 sanctus
493 2161 587 2202 panis
613 2161 751 2194 sumitur

246 2208 352 2250 Digne
380 2209 497 2250 hicque
521 2210 745 2254 manducatur,

245 2257 383 2298 Quidem
401 2258 455 2290 hic
473 2267 536 2290 non
554 2259 788 2291 transmittitur

243 2305 357 2347 Neque
382 2306 453 2347 ipse
478 2309 724 2350 transmutatur,

185 2355 216 2388 5.
246 2354 281 2387 Si
303 2364 323 2387 a
351 2355 447 2397 digno
473 2352 557 2400 (hic)
581 2355 747 2399 recipitur,

241 2403 306 2435 Hic
330 2406 484 2444 receptor
510 2403 723 2446 confortatur,

246 2450 440 2493 Suffragium
466 2453 650 2493 assequitur

946 2163 992 2195 Et
1018 2163 1156 2195 dulcedo
1184 2163 1383 2205 degustatur,

946 2211 1106 2243 Memoria
1133 2211 1349 2255 consequitur,

862 2259 918 2293 10.
945 2259 1021 2298 Quis
1048 2259 1082 2291 in
1108 2259 1192 2291 bono
1220 2258 1429 2298 confortatur,

943 2307 974 2339 A
1000 2307 1084 2339 malo
1111 2307 1182 2348 quis
1209 2308 1397 2349 retrahitur,

943 2355 983 2388 In
1009 2355 1131 2387 honore
1156 2354 1363 2398 reformatur,

943 2403 995 2436 Ex
1023 2412 1059 2436 eo
1084 2406 1218 2437 sanctus
1246 2406 1398 2450 cernitur,

944 2452 995 2485 Ne
1016 2453 1159 2492 peccatis
1188 2452 1417 2496 confundatur,
