1651 2700
158 225 191 257 6.
219 224 391 261 confidens
416 230 450 263 in
474 231 612 265 Domino

264 275 418 311 Pontifex
443 283 589 312 sacratus

214 318 324 356 Intrat
348 326 418 358 sine
443 328 582 360 termino

263 371 379 406 Caelos
404 374 578 409 laureatus.

352 478 565 515 Responsoria.

179 570 187 578 .
214 545 408 578 Altmannus
437 547 477 579 de
503 548 663 581 Saxonum

214 591 320 625 Gente
345 599 440 626 natus
467 604 641 629 consonum

262 642 347 674 Saxo
373 643 420 674 nil
444 644 588 685 gerebat,

214 688 317 722 Stella
339 690 579 734 scintillant-ior,

211 736 364 770 Balsamo
389 741 618 784 praestantior,

260 786 409 818 Moribus
435 786 601 830 fulgebat3

172 858 180 867 .
216 833 360 867 Mundus
386 834 458 868 fore
482 839 615 878 pectore

213 882 343 915 Pariter
370 887 403 915 et
429 893 566 925 corpore

259 931 360 963 Totus
386 933 555 972 gestiebat.

181 1027 189 1036 .
216 1002 356 1045 Scriptis
381 1004 571 1045 theologicis

209 1051 319 1091 Atque
344 1052 578 1093 philosophicis

261 1099 320 1130 Vir
344 1103 475 1132 sanctus
500 1101 656 1142 pollebat,

212 1146 282 1178 Nec
307 1156 364 1179 suo
390 1148 453 1179 hoc
477 1149 609 1188 nomini,

214 1193 279 1227 Sed
307 1195 416 1228 divino
442 1196 565 1228 numini

260 1243 377 1275 Totum
404 1244 609 1284 ascribebat3

174 1318 181 1325 .
214 1290 266 1323 De
291 1292 523 1333 gazophylacio

260 1339 387 1372 Tantae
412 1340 636 1372 abundantiae

211 1387 270 1420 Pio
300 1388 384 1420 ditat
408 1389 517 1421 studio

256 1436 362 1468 Filios
390 1437 559 1469 ecclesiae.

174 1534 181 1543 .
208 1508 282 1540 Non
307 1509 503 1541 Altmannus
529 1509 638 1549 sapuit

207 1556 325 1598 Magis,
353 1566 447 1597 quam
473 1558 627 1597 oportuit,

255 1604 310 1646 Et,
337 1608 491 1645 quantum
519 1606 667 1646 decebat,

206 1653 324 1686 Fastui
350 1653 505 1686 scientiae

207 1701 291 1744 Non,
319 1702 378 1734 sed
405 1702 621 1735 conscientiae

255 1750 338 1789 Quia
361 1751 573 1791 intendebat3

167 1823 175 1831 .
210 1797 283 1830 Non
308 1799 415 1839 ipsum
441 1797 576 1831 inflabat

255 1847 385 1879 Artium
412 1847 549 1879 scientia

253 1895 323 1928 Nec
349 1896 462 1927 mundi
488 1895 673 1937 prudentia,

208 1943 272 1976 Sed
298 1944 372 1985 plus
399 1944 592 1979 adornabat.

173 2041 181 2050 .
209 2016 300 2049 Sicut
324 2018 436 2050 Aaron
464 2020 597 2049 vocatus

206 2066 404 2098 Assumebat
426 2066 632 2106 praesulatus

254 2114 411 2147 Baculum
439 2118 471 2146 et
497 2115 661 2157 annulum,

207 2162 281 2194 Non
310 2163 460 2203 aspirans
488 2162 531 2194 ad
556 2162 722 2206 honorem,

208 2210 273 2243 Sed
298 2211 341 2243 ad
367 2210 475 2243 oneris
500 2210 646 2243 laborem

254 2259 296 2291 Se
321 2259 505 2300 praebebat
529 2257 705 2301 famulum;

166 2332 174 2340 .
208 2307 316 2340 Maior
341 2306 448 2341 factus
475 2308 516 2340 de
541 2308 672 2340 minimo

252 2355 327 2388 Non
352 2357 509 2388 maiorem

252 2403 318 2436 Sed
336 2404 494 2436 minorem

206 2452 353 2484 Exhibet
376 2453 410 2484 in
434 2452 585 2485 maximo.

785 140 928 175 45—

970 240 1017 272 In
1043 241 1075 274 2.
1104 241 1339 277 Nocturno.

1058 324 1257 362 Antiphonae.

852 392 884 425 1.
912 392 1057 432 operans
1082 394 1238 426 iustitiam

960 440 1093 473 Praesul
1118 447 1248 474 sanctus
1273 444 1335 475 iste

910 487 1122 520 Transfertur
1146 490 1188 521 ad
1214 491 1349 530 gloriam

958 535 1065 576 Digne
1089 540 1187 578 tuam,
1218 538 1357 572 Christe.

851 603 883 635 2.
910 601 1070 634 Decorem
1097 606 1130 635 et
1153 604 1290 644 gloriam

960 650 1056 682 Ponis
1082 660 1180 691 super
1206 661 1288 692 eum,

908 697 1008 737 Quem
1033 699 1075 731 ad
1102 700 1183 731 caeli
1208 701 1346 740 patriam

954 745 1037 778 Fers
1063 747 1279 781 athanateum.

852 814 884 846 3.
911 813 1028 846 Portas
1054 817 1179 846 vestras
1204 815 1319 858 tollite,

955 862 1123 902 Principes
1149 864 1290 906 superni,

909 909 1094 942 Praesulem
1121 911 1276 951 suscipite

956 957 1055 998 Regis
1080 959 1280 998 sempiterni.

848 1024 880 1057 4.
907 1024 1078 1056 Nuntiavit
1102 1033 1202 1064 opera

955 1071 1142 1103 Miserentis
1167 1072 1240 1112 Dei,

907 1119 986 1151 Ideo
1011 1119 1054 1150 ad
1080 1120 1212 1151 aethera

954 1165 1011 1197 Fit
1037 1166 1102 1198 dux
1126 1167 1214 1199 Deus
1244 1168 1286 1201 ei.

850 1234 883 1266 5.
909 1232 947 1265 In
972 1233 1120 1273 polorum
1146 1236 1239 1265 atriis

954 1281 1101 1313 Antistes
1126 1281 1239 1314 beatus

908 1328 1090 1361 Habitabat
1114 1330 1227 1371 gratiis

955 1377 1071 1409 Multis
1096 1378 1284 1413 adornatus,

848 1444 879 1477 6.
906 1443 1046 1476 Florens
1076 1442 1179 1485 floret,
1206 1443 1317 1477 floruit

954 1492 1149 1525 Altmannus
1174 1497 1209 1525 ut
1235 1494 1354 1536 palma,

906 1539 970 1571 Dei
995 1549 1071 1581 ergo
1097 1541 1216 1573 meruit

955 1588 1073 1620 Subire
1099 1590 1236 1630 agalma.

1048 1694 1261 1730 Responsoria.

844 1752 876 1786 1.
902 1753 1088 1785 Immolavit
1111 1753 1257 1793 vitulum,

905 1800 1004 1833 Suum
1031 1810 1102 1832 cum
1128 1802 1354 1841 corpusculum

954 1850 1050 1883 Caste
1076 1850 1261 1891 custodivit,

905 1897 1023 1938 Spreta
1048 1898 1272 1939 castrimargia

905 1946 991 1979 Sana
1016 1946 1218 1987 parcimonia

953 1995 994 2028 Se
1020 1998 1113 2028 caute
1137 1995 1294 2039 nutrivit3

830 2043 870 2077 V.
907 2043 1020 2076 Carnis
1046 2052 1124 2075 suae
1150 2042 1307 2080 carnifex,

902 2091 1000 2124 Felix
1024 2092 1087 2124 iste
1112 2091 1261 2131 pontifex

952 2139 994 2172 Se
1018 2140 1139 2172 mundo
1166 2140 1328 2174 contrivit.

844 2211 875 2243 2.
901 2208 1016 2241 Movet
1039 2210 1166 2247 patrem
1192 2207 1346 2239 caelicum

901 2257 1053 2296 Agellum
1081 2255 1276 2287 dominicum

950 2303 1072 2337 Urticis
1099 2303 1232 2340 vastari²

903 2352 1117 2391 Conspicatur
1142 2350 1286 2383 triticum

905 2399 1041 2440 Quando
1068 2399 1287 2439 evangelicum

953 2447 1078 2480 Passim
1104 2447 1272 2488 suffocari3
