1651 2700
738 126 996 161 —228—

224 228 255 260 3.
281 225 389 258 Debes
415 233 485 257 esse
508 227 543 256 tu
568 223 684 264 fidelis,

278 273 393 306 Fidem
418 281 512 305 serva
535 274 570 303 tu
596 274 791 313 constanter,

280 321 354 354 Non
379 321 521 353 salvatur
544 318 685 351 infidelis

281 369 326 401 Et
350 368 404 409 qui
428 368 510 408 gerit
533 367 763 407 inconstanter,

280 417 352 449 Non
377 414 520 448 manebis
544 418 579 446 tu
605 414 754 456 crudelis,

281 464 381 496 Geras
406 464 521 503 pieque
545 463 714 495 laetanter.

246 562 253 569 .
281 536 435 569 Geramus
459 544 517 567 nos
540 532 701 574 fiduciam,

281 585 372 623 Quod
396 583 483 615 Deus
510 585 559 614 est
583 582 775 622 misericors,

280 632 440 663 Pellamus
464 639 522 662 nos
548 630 732 670 versutiam,

279 679 383 711 Homo
403 677 544 718 quilibet
568 678 611 709 sit
635 685 776 720 concors,

282 727 475 765 Quaeramus
495 734 552 757 nos
578 725 737 766 astutiam,

279 773 397 806 Sancta
421 773 518 804 simus
543 782 607 804 una
633 772 755 805 cohors.

909 225 941 256 5.
966 223 1087 255 Nostra
1111 223 1155 254 sit
1179 220 1260 254 fides
1284 222 1411 262 integra

965 270 1012 303 Et
1036 279 1099 302 non
1125 270 1169 301 sit
1194 269 1372 310 diminutio,

965 318 1065 350 Fides
1091 318 1134 350 sit
1158 321 1268 350 nostra
1293 317 1407 349 intima

965 366 1013 398 Et
1036 375 1099 398 non
1119 366 1169 398 'sit
1192 366 1366 406 simulatio,

967 413 1017 446 Sit
1040 416 1153 446 nostra
1177 412 1258 446 fides
1283 414 1427 455 propria,

966 463 996 494 A
1023 462 1121 494 corde
1145 461 1188 493 sit
1214 461 1355 495 dilectio.

933 559 940 567 .
966 534 1004 566 In
1029 537 1071 572 te,
1098 533 1245 572 Domine,
1270 533 1399 574 speravi

967 581 1040 613 Non
1068 580 1247 613 confundar
1270 581 1305 612 in
1330 585 1507 623 aeternum,

965 629 1044 668 Quia
1070 638 1197 669 semper
1222 632 1255 660 te
1280 629 1426 671 clamavi,

962 677 1019 709 Me
1042 686 1103 709 non
1130 677 1239 709 trades
1263 677 1297 708 in
1322 675 1498 720 infernum,

960 724 1014 756 Ad
1041 728 1074 755 te
1095 724 1203 756 oculos
1228 725 1343 766 levavi,

962 771 1063 804 Dabis
1088 771 1205 804 bonnm
1231 772 1471 811 sempiternum.

563 844 593 876 7.
619 842 668 874 Tu
694 851 790 882 spera
812 843 847 874 in
871 843 1038 883 altissimo,

620 891 696 930 Ipse
721 893 770 922 est
794 890 915 922 amicus
941 891 1037 931 solus,

621 939 660 970 In
683 938 816 978 ipsoque
840 937 1022 970 firmissimo

619 985 724 1017 Durat
745 994 854 1017 omnes
881 985 983 1018 dulcis
1010 986 1110 1026 bolus,

621 1033 658 1064 In
684 1033 812 1065 homine
835 1033 1025 1066 brevissimo

621 1080 734 1112 Manet
757 1089 885 1122 semper
911 1084 997 1112 certe
1023 1081 1125 1116 dolus.

641 1167 686 1198 68.
726 1167 861 1205 Hymnus
883 1167 920 1198 de
941 1168 1087 1199 caritate.

248 1263 255 1270 .
281 1238 339 1270 Est
366 1239 468 1270 virtus
494 1246 615 1269 summa
641 1238 767 1278 caritas,

278 1286 355 1325 Ipsa
379 1289 487 1317 manet
513 1294 666 1316 summum
693 1285 817 1329 bonum,

280 1333 440 1364 Virtutum
466 1341 543 1364 vera
568 1333 697 1364 claritas

277 1380 339 1412 Est
361 1380 434 1419 ipsa
457 1377 512 1423 [et]
539 1380 677 1420 amplum
704 1380 830 1422 donum,

279 1427 342 1459 Est
365 1427 527 1468 gaudium,
553 1427 708 1469 hilaritas,

280 1475 354 1514 Ipsa
381 1477 488 1506 cantat
511 1475 571 1506 Dei
598 1484 718 1508 sonum.

246 1570 252 1576 .
280 1546 352 1578 Non
377 1546 554 1577 aemulatur
579 1547 695 1578 caritas

275 1593 320 1626 Et
345 1594 420 1633 quid
445 1602 613 1633 perperam
640 1603 703 1626 non
725 1595 815 1636 gerit,

279 1641 316 1673 ln
340 1642 474 1681 ipsaque
498 1640 683 1673 fraternitas

276 1689 541 1728 Discordiamque
565 1685 736 1733 [re]pellit‚

277 1737 313 1768 ln
337 1745 375 1768 ea
399 1741 506 1768 manet
530 1737 684 1769 sanctitas

273 1783 350 1823 1psa
373 1784 593 1824 neminemque
616 1784 727 1817 laedit.

243 1880 251 1887 .
277 1854 379 1887 Deum
405 1864 531 1897 semper
556 1857 815 1901 contemplemur,

275 1902 385 1942 Ipsum
411 1911 537 1943 semper
561 1913 618 1935 nos
643 1905 801 1947 timentes,

275 1950 338 1981 Dei
362 1959 488 1990 semper
512 1960 733 1995 memoremur,

275 1997 326 2029 De
349 1998 490 2037 peccatis
515 1999 611 2030 simus
635 1997 759 2040 flentes,

276 2044 346 2077 Deo
372 2054 429 2077 nos
453 2046 656 2077 humiliemur

275 2093 307 2124 A
331 2093 472 2133 peccatis
497 2094 695 2127 recedentes.

245 2191 252 2198 .
280 2164 314 2196 Si
344 2174 401 2196 nos
425 2163 558 2197 fratrem
585 2167 830 2200 condemnamus

276 2212 335 2243 Vel
362 2213 429 2243 eius
453 2214 538 2245 mala
561 2214 736 2257 prodimus,

275 2260 497 2300 Nosmetipsos
521 2262 698 2293 iudicamus

276 2309 320 2340 Et
343 2308 478 2340 iudicari
504 2309 652 2350 petimus,

276 2355 367 2397 Nam,
398 2356 425 2387 si
451 2355 567 2388 fratres
593 2366 650 2389 nos
676 2367 828 2400 amamus,

277 2403 435 2443 Metipsos
460 2413 517 2436 nos
544 2405 714 2446 diligimus.

904 1241 936 1272 5.
964 1238 1065 1271 Nobis
1090 1239 1154 1275 iam
1183 1240 1371 1271 remetietur

901 2168 933 2201 8.

960 1286 1124 1329 Mensura,
1152 1296 1214 1327 qua
1237 1296 1295 1319 nos
1322 1287 1480 1329 dedimus,

961 1333 1128 1374 Nobisque
1152 1334 1358 1374 retribuetur,

961 1382 1008 1415 Ut
1032 1386 1142 1414 nostro
1169 1381 1264 1414 fratri
1291 1382 1448 1422 dedimus,

960 1429 1099 1469 Dignum
1125 1432 1183 1470 est,
1208 1433 1246 1461 111
1270 1431 1340 1470 quis
1367 1430 1511 1463 salvetur

959 1477 993 1509 Si
1018 1475 1080 1508 fuit
1106 1486 1196 1509 amor
1220 1476 1396 1517 proximus.

1513 1457 1520 1473 7

960 1548 1134 1581 Caritatem
1161 1556 1263 1591 serva,
1290 1552 1367 1580 tene

958 1596 1012 1627 Ad
1031 1593 1223 1640 Deum[que]
1252 1601 1285 1629 et„
1304 1597 1346 1628 ad
1364 1595 1494 1639 fratres,

958 1643 1046 1675 Tuae
1070 1644 1197 1676 radices
1223 1653 1261 1676 ac
1286 1653 1388 1676 venae

960 1690 1094 1731 Semper
1118 1692 1184 1723 sint
1206 1692 1250 1724 ad
1275 1691 1338 1724 Dei
1362 1693 1486 1734 laudes,

960 1738 1033 1770 Non
1061 1737 1138 1781 [est]
1165 1740 1235 1771 sine
1258 1743 1347 1771 metu
1371 1749 1496 1780 poenae

960 1786 1108 1819 Laedens
1132 1787 1215 1819 filios
1240 1788 1293 1820 vel
1317 1792 1440 1829 patres.

925 1885 933 1892 .
959 1858 1078 1891 Fertur
1104 1860 1222 1891 caritas
1243 1858 1390 1900 perfecta

960 1908 1060 1938 Amor
1084 1907 1127 1939 ad
1151 1907 1255 1939 Deum
1280 1916 1318 1940 ac
1343 1907 1490 1950 fratrem,

960 1954 1036 1994 Ipsa
1060 1964 1153 1996 pura,
1180 1955 1329 1995 simplex,
1356 1961 1453 1995 recta

960 2001 1086 2033 Tenens
1112 2003 1234 2043 quippe
1256 2004 1435 2046 veritatem,

960 2049 1021 2081 Est
1045 2050 1204 2091 amabilis,
1231 2051 1355 2083 directa

959 2096 1005 2128 Et
1030 2098 1164 2137 expellit
1188 2099 1374 2133 vanitatem.

961 2168 1021 2207 Qui
1044 2178 1108 2201 non
1133 2170 1232 2203 habet
1253 2171 1432 2214 caritatem,

962 2215 1027 2248 Hic
1053 2217 1183 2249 videtur
1208 2219 1255 2251 nil
1280 2219 1410 2265 habere,

961 2264 1029 2296 Iam
1054 2274 1118 2297 non
1143 2265 1243 2298 habet
1268 2267 1451 2301 claritatem

961 2312 1025 2344 Hic
1049 2313 1091 2345 ad
1117 2313 1220 2345 Deum
1247 2323 1443 2356 comparere,

961 2361 1039 2400 Ipsa
1063 2362 1148 2400 parit
1174 2363 1343 2395 veritatem

962 2408 1123 2447 Quaerens
1148 2410 1251 2443 Deum
1277 2414 1417 2446 retinere
