1651 2700
181 196 213 229 2.
241 195 351 228 Omnis
374 200 471 239 terra,
499 200 648 233 cordibus

291 244 360 277 Deo
384 245 527 289 iubilate,

238 291 317 324 Cum
341 292 511 327 Gerdrude
538 296 686 330 laudibus

284 339 393 380 Ipsum
420 343 568 377 exaltate.

178 434 209 467 3.
237 435 291 467 Ad
316 438 349 467 te
372 437 436 468 ista
460 437 574 478 vigilat

281 482 332 515 De
356 484 428 516 luce
452 484 567 526 fidelis,

234 529 332 571 Deus,
358 531 419 563 tibi
443 533 554 565 rutilat

280 579 366 618 Quae
392 588 448 611 ceu
473 581 522 612 sol
546 582 578 613 in
605 583 712 616 caelis.

706 106 940 141 -72-

870 205 901 236 4.
929 203 1053 244 Sponsa
1079 214 1174 237 sacra
1196 206 1326 240 Domini

973 252 1043 284 Deo
1069 252 1246 295 benedixit,

925 299 1036 332 Hostis
1063 310 1136 333 nam
1162 303 1364 342 temptamini

973 347 1107 388 Semper
1132 350 1338 384 contradixit.

863 443 895 475 5.
923 442 1103 476 Gerdrudis
1128 445 1161 476 in
1188 449 1341 486 tympano

968 491 1129 524 Laudavit
1153 492 1260 525 fidelis

919 538 964 570 Et
989 538 1118 572 chordis
1144 545 1177 572 et
1201 550 1320 582 organo

965 585 1135 619 Dominum
1163 589 1203 620 de
1228 590 1338 625 caelis.

236 662 259 689 Β
280 663 330 690 fol.
353 661 416 691 173.
437 679 474 683 -—
494 666 555 693 Das
577 667 713 696 Officium
741 671 782 697 ist
807 670 1036 708 unvollstandig.
1077 673 1132 700 Am
1153 673 1293 703 Schlnsse
1319 675 1396 703 heiss
1399 680 1411 704 t
1435 686 1480 706 es:

161 699 308 736 „Require
338 704 436 729 cetera
455 704 485 730 in
505 703 563 731 fine
582 705 667 740 libri;
673 705 686 718 ⁶*

159 736 267 765 finden.
306 740 378 766 “Was
399 741 498 768 friiher
518 742 585 769 dort
603 744 707 772 stehen
727 746 856 780 mochte‚

158 774 210 802 der
230 776 283 803 Hs.
305 777 344 804 im
365 786 403 805 v<
406 779 489 814 rigm
509 780 712 810 Jahrhundert
730 784 788 811 abh

715 707 781 735 dort
804 709 846 736 ist
870 709 941 737 aber
961 718 997 737 au
999 711 1200 746 genblicklich
1220 713 1317 741 nichts
1337 715 1422 743 mehr
1442 726 1480 744 zu

882 748 923 774 ist
941 748 1186 778 wahrscheinlich
1207 752 1290 779 bei
1276 752 1480 792 Neubindung

791 785 887 812 anclen
906 785 1090 822 gekommen.

582 875 617 906 ll.
654 876 697 908 De
719 879 828 910 sancto
850 879 1043 912 Leonhardo.

294 951 336 982 In
366 953 395 985 1.
422 954 637 994 Vev-peris.

368 1028 566 1064 Antiphonae.

166 1082 195 1115 1.
224 1083 335 1115 Gaude
359 1087 506 1119 natalitia

270 1131 455 1165 Leonhardi
482 1135 572 1177 clari,

224 1178 248 1210 O
274 1182 377 1211 mater
402 1182 546 1225 ecclesia,

271 1225 374 1267 Digne
400 1231 556 1265 venerari.

163 1301 195 1332 2.
223 1301 274 1332 Ab
301 1303 519 1338 adulescentia

267 1349 375 1390 Iugum
402 1356 513 1392 portat
537 1355 598 1387 Dei

219 1396 340 1429 Cuncta
364 1399 469 1431 vitans
495 1402 590 1435 noxia

264 1445 349 1477 Puer
373 1447 494 1480 multae
518 1451 599 1489 spei.

156 1519 187 1550 3.
213 1518 414 1560 Disciplinae
439 1521 543 1557 ferula

261 1566 338 1599 Sese
363 1571 532 1611 castigavit

211 1613 255 1645 Et
281 1615 408 1648 virtutis
434 1620 545 1658 gerula

259 1662 327 1695 Deo
353 1666 557 1705 mancipavit.

154 1738 186 1771 4.
212 1737 379 1779 Exemplis
405 1742 558 1775 aedificat

259 1785 361 1819 Claris
388 1789 498 1821 orbem
524 1794 636 1836 totum,

206 1832 364 1867 Doctrina
388 1837 547 1870 rectificat

252 1881 371 1914 Notum
398 1888 430 1915 et
454 1885 607 1925 ignotum.

134 1955 173 1989 R.
206 1956 361 1990 Dominus
388 1960 476 1992 dedit
503 1962 664 1996 doctorem

253 2004 325 2037 Suis
348 2007 432 2039 hunc
457 2008 616 2049 fidelibus,

204 2052 293 2084 lutei
319 2054 422 2087 claros
449 2057 617 2091 clariorem

249 2100 406 2134 Doctrina
431 2107 462 2135 et
486 2107 638 2148 moribus,

202 2147 340 2181 Imbrem
368 2151 457 2190 pluat
484 2154 659 2188 dulciorem

249 2195 294 2228 Ut.
320 2198 361 2229 de
385 2198 448 2231 Dei
474 2200 626 2235 fontibus.

127 2242 166 2276 V.
199 2243 360 2284 Reportat
384 2246 525 2281 fideliter

249 2291 325 2324 Cum
351 2294 440 2328 111010
466 2298 629 2343 talentum,

195 2339 260 2372 Pro
286 2350 413 2382 quoque
441 2343 584 2379 feliciter

244 2387 438 2429 Reportavit
464 2398 600 2430 centum.

1031 959 1078 987 Ad
1097 961 1279 997 Magnificat-

839 1017 880 1051 A.
913 1017 1012 1058 Virgo
1038 1022 1141 1051 mater
1167 1021 1313 1065 ecclesia,

911 1065 1049 1097 Perenni
1077 1067 1174 1107 digna
1196 1069 1310 1108 gloria,

959 1112 1072 1145 Gaude
1097 1115 1274 1159 iubilando,

908 1159 1004 1191 Dulci
1030 1162 1127 1200 plane
1150 1165 1305 1197 memoria

909 1206 1094 1241 Leonhardi
1115 1210 1257 1251 insignia

953 1254 1054 1288 Festa
1078 1257 1284 1291 celebrando.

908 1301 1022 1335 Cordis
1049 1304 1151 1336 dilata
1174 1307 1330 1346 gremium

907 1349 1107 1383 confessoris
1132 1355 1340 1392 praeconium

953 1398 1055 1430 Huius
1081 1400 1307 1439 hymnizando.

968 1512 1030 1544 Ad
1055 1514 1321 1550 Matutinum.

1037 1589 1255 1618 Invitatorium.

900 1646 1021 1686 Regem
1047 1656 1158 1690 regum
1184 1651 1356 1683 adoremus

947 1693 1045 1726 Dulci
1071 1697 1178 1729 cordis
1202 1698 1338 1741 laetitia,

899 1741 1114 1775 Iucundantes
1141 1745 1341 1779 celebremus

947 1789 1129 1824 Leonhardi
1155 1794 1333 1828 sollemnia.

957 1904 1004 1936 In
1031 1906 1062 1938 1.
1089 1906 1325 1941 Nocturno.

1040 1980 1238 2017 Anfiphonae.

858 2060 865 2068 .
894 2036 957 2069 Suo
985 2038 1040 2070 dat
1064 2039 1097 2071 in
1124 2043 1270 2081 tempore

940 2086 1153 2120 Leonhardus
1179 2088 1318 2123 fructum

892 2133 1034 2166 Plurimo
1058 2144 1131 2167 cum
1158 2135 1292 2170 foenore

939 2180 1001 2213 Dei
1026 2191 1085 2222 per
1111 2185 1315 2219 conductum.

856 2283 864 2291 .
891 2257 952 2297 Qui
976 2259 1095 2298 rupisti
1120 2261 1249 2294 vincula

936 2305 1031 2337 Ferri
1058 2309 1272 2353 captivorum,

892 2352 1044 2386 Cordium
1070 2357 1198 2395 piacula

937 2401 1063 2443 Rumpe
1086 2403 1276 2441 ferreorum.
