1651 2700
218 234 237 266 Ο)

732 134 897 170 —242
949 155 992 159 —

243 258 249 264 .
278 233 317 265 1n
342 231 505 272 praesenti
531 232 662 264 civitate

276 280 344 312 Iam
368 288 432 311 non
457 288 563 311 sumus
589 279 753 321 moraturi,

278 328 393 361 Omnes
418 327 487 358 sinc
511 327 665 359 tarditate

280 375 394 413 Sumus
420 377 507 406 certe
529 375 687 412 morituri,

278 422 438 455 Stabimus
463 422 495 454 in
521 422 692 454 sanctitate

275 471 342 503 Nos
367 470 400 502 in
427 471 514 502 caelo
538 470 701 504 laetaturi.

275 547 397 580 Civitas
422 556 484 578 non
511 550 560 579 est,
583 548 636 578 hic
660 556 803 589 manens,

275 595 338 628 Sed
362 595 551 634 inquirimus
576 593 725 637 futuram,

274 643 375 674 Nemo
401 645 450 673 est
472 643 506 673 in
532 643 649 674 mundo
674 643 826 683 gaudens,

276 690 339 722 Sed
364 690 512 721 tristatur
534 699 594 729 per
618 699 810 730 pressuram,

274 738 346 769 Hoc
354 740 404 769 est
411 740 535 777 tempus
545 738 826 778 praesenslabens,

274 786 354 818 Rem
379 785 523 816 videmus
546 785 733 824 perituram.

240 886 247 893 .
273 863 456 902 Laetemur,
483 870 552 892 cum
577 861 755 893 recedimus

274 909 341 941 Nos
368 918 387 941 a
409 909 571 949 praesenti
596 909 732 951 saeculo,

274 957 426 989 Viventes
455 957 539 989 mala
565 957 712 997 gerimus,

275 1004 442 1036 Manemus
467 1013 525 1036 nos
549 1004 582 1035 in
607 1004 739 1046 tribulo,

274 1052 367 1084 Beati
390 1060 459 1093 nos,
484 1052 511 1083 si
537 1051 674 1091 petimus

275 1099 417 1131 Dissolvi
442 1108 498 1131 nos
525 1108 543 1130 a
566 1099 704 1132 vinculo,

905 232 936 264 6.
963 231 1046 271 Quid
1072 240 1131 263 nos
1156 230 1301 262 homines
1325 229 1504 270 turbamur,

964 278 999 311 Si
1024 278 1111 311 redit
1134 281 1245 310 noster
1267 276 1426 318 spiritus?

961 326 1013 359 Ex
1040 326 1101 358 hoc
1127 327 1210 359 enim
1234 335 1296 358 non
1322 335 1503 367 gravamur,

963 374 1041 407 Cum
1069 375 1154 407 venit
1179 378 1290 407 noster
1315 374 1431 415 obitus,

962 422 1164 454 Naturaliter
1188 421 1374 459 formamur,

960 470 1007 503 Ut
1029 469 1103 502 finis
1129 471 1235 511 sitque
1257 470 1392 504 reditus.

929 573 936 580 .
961 547 1028 580 Nos
1052 547 1115 580 ista
1141 547 1333 588 temporalia

959 595 1032 627 Non
1059 596 1188 637 capiant
1211 604 1270 627 nec
1295 597 1462 636 occupent,

959 643 1050 674 Haec
1074 644 1156 675 enim
1182 646 1257 675 sunt
1278 643 1438 683 mortalia,

960 691 1117 723 Caelestia
1142 700 1203 723 non
1228 691 1427 732 praevalent,

959 738 1153 776 Quaeramus
1180 738 1339 770 durabilia

959 785 1113 828 Superna,
1142 795 1224 826 quae
1248 795 1311 818 non
1338 785 1497 818 desinunt.

924 887 931 895 .
957 862 1139 904 Laetemur,
1165 862 1193 893 si
1219 862 1432 901 dissolvimur,

957 909 1026 942 Deo
1051 919 1110 942 nos
1134 910 1439 950 appropinquamus,

959 957 1138 1000 Cantemus,
1167 957 1193 988 si
1218 966 1275 988 nos
1301 957 1464 999 morimur,

957 1005 1004 1037 Ut
1026 1014 1084 1037 nos
1108 1005 1213 1037 Deum
1240 1005 1415 1047 videamus,

958 1052 1043 1084 Dum
1067 1053 1102 1084 in
1125 1052 1296 1085 mundanis
1321 1052 1489 1090 volvimur,

957 1100 1073 1133 Omnes
1097 1100 1192 1132 nimis
1217 1108 1274 1131 nos
1298 1108 1480 1139 peccamuS.

602 1165 632 1198 9.
659 1165 886 1205 Mandanaque
910 1166 1090 1206 praesentia

656 1212 730 1244 Non
755 1213 883 1252 replent
904 1222 1008 1253 neque
1031 1214 1162 1254 satiant,

656 1260 736 1292 Sunt
760 1269 842 1292 vana
865 1261 1066 1301 temporalia,

655 1308 742 1347 Quae
765 1307 910 1340 homines
935 1308 1138 1352 mortificant,

657 1355 850 1394 Quaeramus
873 1365 930 1388 nos
956 1356 1117 1397 caelestia,

656 1403 743 1442 Quae
767 1402 910 1435 homines
936 1402 1110 1436 vivificant.

565 1503 612 1534 89.
651 1503 788 1542 Hymnus
811 1503 893 1535 alius
915 1512 1011 1544 super
1032 1504 1146 1536 eodem.

238 1598 245 1605 .
273 1573 365 1604 Viam
390 1576 510 1604 rectam
535 1582 773 1614 praeparemus,

270 1621 357 1652 Ante
380 1623 505 1660 tempus
531 1629 743 1661 occurramus,

273 1668 362 1699 Mala
387 1671 500 1699 cuncta
523 1677 580 1700 nos
608 1669 750 1704 vitemus,

270 1716 308 1748 1n
334 1716 452 1747 virtute
476 1725 667 1754 maneamus,

272 1763 305 1795 Si
330 1764 483 1795 altissimo
509 1773 668 1804 paremus,

269 1810 408 1851 Dignum
434 1814 492 1852 est,
517 1814 553 1843 ut
576 1813 796 1847 ascendamus,

270 1877 423 1909 Nostrum
449 1878 491 1909 sit,
514 1882 660 1918 paratum
685 1880 752 1912 iter

270 1925 337 1956 Iam
362 1926 494 1957 resectis
519 1926 620 1966 spinis
645 1928 723 1969 luto,

269 1973 374 2005 Locus
400 1973 473 2005 talis
498 1982 561 2005 non
585 1974 627 2005 sit
651 1975 752 2016 niger,

269 2021 467 2053 Recedamus
495 2030 552 2053 nos
577 2031 597 2054 a
621 2022 726 2065 bruto,

269 2068 385 2100 Tristis
410 2069 513 2110 homo,
543 2070 596 2109 qui
622 2074 668 2102 est
693 2071 795 2112 piger,

268 2115 341 2147 Non
366 2117 543 2148 adhaerens
568 2118 637 2150 loco
662 2121 741 2151 tuto.

234 2208 241 2215 .
267 2183 328 2215 Est
352 2183 488 2215 hominis
516 2184 666 2217 discretio

266 2231 374 2262 Mater
399 2232 538 2264 omnium
563 2233 727 2275 virtutum,

267 2278 331 2310 Per
354 2279 456 2318 ipsam
481 2279 518 2311 fit
544 2281 668 2321 electio,

267 2326 336 2365 Qua
348 2327 423 2366 quid
437 2328 529 2368 gerit,
546 2329 630 2368 quod
643 2332 692 2361 est
704 2333 818 2372 tutum,

267 2373 329 2405 Est
353 2375 435 2406 enim
460 2376 657 2417 indiscretio,

268 2421 336 2460 Qua
365 2423 434 2462 quis
459 2424 543 2463 gerit
566 2424 657 2464 quasi
680 2425 819 2460 brutum.

893 1576 926 1609 4.
953 1575 1035 1614 Quid
1060 1576 1094 1607 in
1120 1576 1270 1609 cordibus
1296 1578 1448 1618 dolemus,

953 1622 988 1654 Si
1012 1623 1054 1655 ad
1078 1626 1213 1655 mortem
1237 1625 1475 1665 properamus?

953 1671 1036 1710 Quid
1061 1672 1230 1703 mundanis
1248 1682 1305 1704 nos
1322 1674 1508 1715 gaudemus,

953 1718 1034 1757 Quid
1060 1722 1188 1751 terrena
1211 1730 1269 1752 nos
1297 1721 1464 1753 amamus?

952 1766 1028 1806 Ipsa
1053 1767 1182 1807 quidem
1208 1777 1265 1800 nos
1290 1770 1474 1811 perdemus,

951 1814 1138 1858 Moriemur,
1165 1818 1201 1847 ut
1225 1816 1381 1852 vivamus„

918 1908 924 1915 .
952 1881 1036 1919 Quid
1060 1882 1272 1914 adhaeremus
1298 1884 1397 1927 vitiis,

951 1929 996 1961 Ut
1021 1929 1129 1961 divina
1155 1939 1212 1962 nos
1237 1931 1437 1970 perdamus?

951 1977 1034 2016 Quid
1058 1977 1217 2010 laedimur
1244 1979 1396 2011 deliciis?

952 2024 1045 2057 Omni
1072 2025 1124 2057 die
1148 2035 1205 2057 nos
1232 2035 1413 2067 peccamus,

951 2072 1034 2112 Quid
1058 2082 1116 2105 nos
1140 2074 1173 2105 in
1201 2075 1287 2107 curis
1313 2075 1437 2108 variis?

951 2120 1048 2152 Venit
1071 2130 1166 2160 mors,
1194 2125 1231 2154 ut
1255 2124 1470 2164 quiescamus.

917 2212 924 2219 .
951 2187 1056 2220 Simus
1081 2198 1210 2229 semper
1234 2200 1292 2222 nos
1319 2193 1427 2231 parati

954 2236 1004 2268 Ad
1028 2236 1165 2269 virtutes
1191 2239 1373 2279 vigilantes,

952 2284 1025 2316 Non
1051 2294 1181 2317 ruamus
1208 2287 1357 2326 occupati

950 2332 1019 2364 Iam
1043 2334 1206 2365 mundana-
1230 2343 1289 2366 nos
1315 2339 1486 2379 sectantes,

949 2379 1020 2411 Deo
1046 2380 1144 2412 simus
1169 2381 1339 2414 iucundati

950 2427 1070 2460 Nostro
1095 2428 1165 2461 Deo
1189 2429 1375 2464 iubilantes.
