1651 2700
729 127 896 163 —232
947 147 990 152 —

571 219 618 251 74.
660 220 796 260 Hymnus
818 220 856 253 de
876 220 989 253 timore
1010 220 1140 253 Do'mini.

211 292 242 324 1.
270 290 336 323 Dat
359 291 457 324 vitam
483 291 578 323 timor
601 290 730 323 Domini

267 339 312 371 Et
337 338 435 371 donat
458 339 659 381 sapientiam,

268 386 334 418 Dat
357 386 553 418 intellectum
578 387 710 429 homini,

268 434 433 466 illuminat
457 434 634 475 scientiam,

266 481 448 514 Potentiam
475 482 532 514 dat
556 482 679 522 semini,

266 528 331 560 Dat
354 538 530 570 pacemque
555 529 766 563 clementiam.

232 618 240 626 .
265 595 326 627 Est
347 595 443 627 timor
466 595 527 627 Dei
554 596 702 636 gaudium

264 643 302 674 In
327 651 426 683 eoque
449 643 640 684 iucunditas,

264 690 331 722 Dat
353 691 424 730 ipse
448 690 564 722 bonum
588 691 769 734 prandium,

264 738 301 769 In
326 739 460 779 ipsoque
484 738 641 771 sobrietas

265 785 317 818 Ex
342 794 442 826 eoque
466 786 630 822 solacium,

265 831 446 872 Repellitur
471 833 644 867 calamitas

231 926 238 933 .
263 900 391 931 Timens
416 899 520 931 Deum
545 909 703 941 nunquam
731 901 796 933 ruit

263 948 339 987 Ipse
363 950 531 987 manetque
556 951 749 990 constanter,

264 994 336 1026 Non
360 995 510 1026 tristatur
532 1004 635 1036 neque
659 996 729 1037 luit,

264 1042 409 1082 Namque
434 1042 515 1081 gerit
540 1042 593 1074 hio
616 1043 783 1088 laetanter,

264 1090 339 1129 Ipse
364 1090 435 1129 erit,
462 1092 511 1121 est
535 1092 567 1123 et
592 1089 662 1132 fuit,

263 1137 302 1169 In
328 1139 411 1168 statu
437 1134 509 1180 [est]
538 1139 783 1178 congaudenter.

229 1228 236 1235 .
262 1203 326 1234 Hic
350 1203 446 1235 timor
470 1207 517 1235 est
542 1203 716 1247 humilitas,

263 1252 301 1283 In
325 1260 388 1290 qua
410 1251 479 1283 Deo
504 1251 691 1295 serviamus,

262 1298 327 1330 Hic
350 1298 444 1330 timor
469 1299 579 1330 muudi
602 1300 736 1342 puritas,

262 1346 301 1377 In
327 1353 389 1385 qua
413 1345 481 1377 Deo
505 1346 698 1388 placeamus,

262 1393 485 1433 Mansuetudo,
512 1395 676 1436 sanctitaS,

262 1440 299 1471 In
325 1449 387 1479 qua
411 1441 532 1472 caelum
556 1442 776 1474 ascendamus.

228 1531 235 1538 .
262 1506 325 1539 Hic
351 1507 447 1538 timor
472 1510 502 1538 et
527 1509 708 1551 prudentia,

258 1554 309 1586 Ex
335 1563 397 1594 qua
421 1563 479 1586 nos
506 1556 753 1599 consideramus,

258 1601 323 1632 Hic
349 1601 445 1634 timor
469 1604 691 1646 temperantia,

258 1649 296 1681 In
322 1658 383 1689 qua
407 1658 465 1681 nos
491 1650 716 1694 contineamus,

262 1695 459 1738 Constantia,
485 1697 617 1739 iustitia,

259 1743 321 1775 Per
341 1753 434 1784 quam
451 1743 546 1777 fratri
561 1745 611 1777 ius
628 1747 811 1783 reddamus.

223 1836 230 1844 .
257 1810 377 1842 Domus
403 1815 513 1844 nostra
538 1812 751 1856 subvertetur,

257 1857 289 1889 Si
317 1867 380 1890 non
405 1868 511 1891 sumus
535 1860 568 1891 in
594 1861 717 1905 timore,

258 1904 393 1938 Gressus
418 1910 527 1939 noster
552 1908 716 1951 dirigetur,

257 1952 291 1985 Si
319 1963 376 1986 nos
402 1963 509 1986 sumus
534 1956 566 1987 in
592 1966 709 1999 amore,

256 2001 358 2033 Actus
383 2004 492 2034 noster
517 2003 677 2046 diligetur,

258 2047 291 2080 Si
316 2058 373 2081 nos
398 2059 504 2082 sumus
529 2051 562 2083 in
587 2051 708 2086 labore.

921 293 952 327 7.

915 905 946 938 9.

890 1207 945 1242 10.

890 1511 945 1545 11.

887 1818 942 1851 12.

979 292 1014 325 Si
1041 292 1131 325 deest
1155 293 1251 325 timor
1275 292 1406 328 Domini

979 340 1024 373 Et
1047 340 1140 373 nobis
1163 341 1217 372 hic
1238 350 1301 373 non
1327 343 1505 384 permanet,

978 388 1052 420 Non
1077 388 1288 422 adhaeremus
1314 388 1437 432 lumin-i,

977 435 1042 468 Sed
1067 436 1173 469 lumen
1198 437 1291 469 nobis
1317 437 1452 478 desinet,

977 484 1162 517 Flectamur
1184 485 1248 517 Dei
1272 485 1402 526 nomini,

976 530 1140 564 Defendet
1163 541 1231 575 nos,
1259 533 1431 565 custodiet.

975 598 1059 631 Nam
1076 599 1225 632 timentes
1243 600 1346 632 Deum
1363 602 1512 632 sanctum

973 646 1081 678 Erunt
1105 647 1271 689 sanctique
1295 648 1393 689 beati,

975 693 1154 734 Diligentes
1180 695 1241 728 Dei
1267 699 1395 728 cantum

974 741 1081 774 Erunt
1105 743 1139 774 hi
1164 743 1344 784 glorificati,

973 789 1198 822 Adhaerentes
1224 791 1293 824 Deo
1319 794 1442 834 tanturn

974 836 1059 869 Satis
1085 841 1181 870 erunt
1205 839 1238 870 hi
1263 839 1386 873 laetati.

973 904 1039 936 Dat
1063 904 1150 936 Deus
1176 914 1210 940 se
1235 906 1421 946 timentibus

973 952 1105 984 Omnem
1131 961 1298 994 escamque
1322 955 1485 998 virtutem,

972 999 1039 1031 Dat
1061 999 1132 1040 ipse
1157 1001 1363 1041 diligentibus

971 1046 1095 1079 Bonum
1121 1050 1301 1089 statumque
1325 1050 1462 1082 salutem

971 1093 1184 1136 Largiturque
1206 1097 1400 1139 petentibus,

972 1140 1091 1174 Aufert
1114 1143 1180 1175 illis
1205 1145 1405 1177 servitutem

973 1209 1090 1241 Potens
1116 1210 1178 1242 erit
1202 1219 1312 1243 semen.
1335 1212 1449 1244 horum

970 1255 1163 1297 Divitiisque
1185 1257 1288 1299 gloria

969 1303 1158 1344 Regnatque
1183 1306 1302 1338 virtute
1327 1316 1451 1340 morum

971 1351 1022 1382 Ac
1047 1352 1109 1383 erit
1133 1353 1165 1384 in
1189 1356 1356 1392 memoria,

969 1398 1063 1430 Felix
1086 1400 1148 1431 erit
1173 1401 1239 1433 vita
1263 1411 1408 1444 quorum,

970 1446 1160 1479 Laetabitur
1184 1458 1245 1489 per
1269 1451 1385 1484 omnia.

971 1513 1035 1545 Hic
1059 1514 1155 1546 timor
1182 1514 1272 1556 fugat
1295 1517 1407 1549 vitium

969 1561 1014 1593 Et
1039 1562 1168 1602 repellit
1193 1573 1285 1596 omne
1310 1565 1431 1598 crimen

967 1608 1028 1640 Est
1052 1609 1185 1650 ipseque
1208 1611 1334 1644 initium

969 1656 1215 1699 Sapientiaeque
1238 1660 1346 1703 limen,

968 1703 1030 1735 Est
1053 1704 1187 1746 ipseque
1211 1707 1367 1741 indicium

966 1752 1021 1783 Ad
1046 1752 1229 1786 habendum
1253 1756 1373 1789 bonum
1396 1756 1505 1794 finem.

969 1818 1063 1861 Nam,
1090 1820 1154 1852 nisi
1179 1824 1212 1854 te
1236 1825 1377 1857 retineas

967 1867 1005 1899 In
1030 1867 1180 1901 altissimi
1205 1871 1320 1904 timore

965 1914 1009 1947 Et
1034 1916 1096 1947 nisi
1121 1916 1225 1950 Deum
1251 1920 1368 1961 diligas

966 1962 1004 1994 In
1031 1964 1128 1996 corde
1153 1969 1184 1997 et
1211 1975 1250 1999 ex
1275 1977 1395 2010 amore,

966 2009 1108 2043 Necesse
1133 2016 1191 2055 est,
1218 2017 1255 2047 ut
1278 2018 1399 2050 sentias

966 2058 1013 2090 Te
1039 2059 1183 2093 subverti
1206 2071 1267 2103 pro
1293 2063 1415 2100 dolore.

538 2118 593 2152 13.
619 2119 723 2153 Homo
748 2131 811 2155 non
836 2123 1031 2159 iustificatur

620 2167 689 2200 Nec
713 2172 821 2209 potest
846 2172 954 2205 salvus
979 2173 1059 2213 fieri,

619 2214 654 2248 Si
678 2226 741 2249 non
768 2222 855 2251 certe
881 2227 1095 2256 commoratur

620 2263 652 2295 Is
677 2265 711 2297 in
736 2266 851 2300 timore
875 2268 1024 2310 Domini;

620 2311 766 2346 Summus
792 2314 880 2347 Deus
905 2317 1066 2356 timeatur,

619 2360 669 2393 Sit
692 2370 787 2394 verus
813 2372 902 2396 amor
927 2366 1077 2404 proximi.

260 2417 284 2454 1,
305 2419 322 2448 5
343 2421 388 2448 da.
409 2438 446 2443 —-
467 2421 493 2457 9,
512 2421 530 2452 3
550 2425 658 2452 Donat.
