1651 2700
686 119 950 155 —205—

178 209 212 241 3.
240 209 288 241 Te
313 218 393 243 voco
417 219 522 243 meum
549 211 659 253 filium,

236 257 348 289 Meum
375 267 504 292 servum
530 263 562 292 et
586 262 734 307 amicum,

236 305 320 338 Nam
346 309 380 338 te
406 307 506 341 dilexi
528 308 673 351 nimium,

236 353 307 396 Ego
331 358 501 395 prostrans
525 356 701 399 inimicum,

235 402 320 434 Ama
344 412 458 444 meque
482 413 587 436 meum
612 406 721 448 ritum,

235 450 304 482 Iam
331 453 364 482 te
388 452 536 491 plantavi
561 453 710 488 liberum.

173 513 207 547 4.
235 512 417 554 Terribilis,
443 514 603 547 mirabilis

235 560 428 601 Montesque
453 561 555 594 valles
581 564 687 607 video,

235 608 312 641 Sum
339 607 444 652 fortis,
471 610 555 650 pius,
582 612 722 655 humilis,

229 655 301 696 Ego
325 661 498 697 peccantes
523 668 633 702 arguo,

231 704 316 736 Nam
341 714 410 737 sum
436 706 471 738 in
496 707 614 740 throno
639 708 767 751 nobilis,

231 751 378 794 Vivifico,
406 754 575 788 mortifico.

172 815 203 847 5.
231 815 281 847 Tu
308 816 462 859 peccasti,
488 818 613 858 primus
639 819 744 861 homo,

231 864 300 896 Iam
327 865 556 904 praevaricans
580 867 779 909 mandatum,

231 910 408 944 Comedisti
435 916 470 946 tu
498 914 538 946 de
562 923 669 955 pomo,

232 959 301 999 Quo
329 959 436 992 fecisti
460 965 493 993 te
519 962 714 1004 damnatum,

231 1006 315 1039 Eras
338 1010 373 1040 tu
398 1009 433 1040 in
457 1018 530 1041 mea
556 1011 660 1053 domo,

227 1054 306 1087 Feci
331 1058 364 1087 te
389 1056 613 1097 glorificatum.

170 1118 201 1149 6.
229 1117 384 1150 Habebas
408 1127 512 1150 meam
538 1118 654 1151 faciem

227 1165 265 1197 In
291 1166 452 1206 terrisque
479 1166 665 1207 dominium,

230 1212 374 1245 Gerebas
399 1222 503 1246 meam
529 1215 669 1254 speciem

227 1260 439 1302 Tenebasque
464 1261 645 1304 arbitrium,

223 1308 330 1341 Ruisti
354 1309 389 1341 in
414 1310 592 1351 perniciem

227 1357 275 1389 Ac
302 1354 364 1402 (in)
392 1367 509 1391 vanum
537 1358 743 1394 desiderium.

163 1420 193 1452 7.
222 1419 371 1452 Amisisti
396 1424 432 1452 tu
457 1421 620 1463 honorem,

225 1467 308 1506 Quia
331 1477 395 1501 non
420 1469 619 1507 intellexisti,

224 1516 403 1548 Perdidisti
427 1519 463 1549 tu
490 1518 641 1560 valorem,

222 1563 347 1596 Statum
372 1564 492 1597 bonum
516 1565 688 1609 reliquisti,

219 1613 369 1644 Amisisti
393 1616 429 1645 tu
454 1622 596 1646 amorem

220 1660 283 1692 Dei
308 1661 367 1702 tui,
393 1662 467 1694 Iesu
494 1661 625 1695 Christi.

160 1721 193 1754 8.
220 1723 270 1755 Tu
295 1723 427 1755 rebellis
454 1725 594 1756 creatori

220 1770 391 1804 Offendisti
415 1772 629 1813 maiestatem,

219 1819 405 1852 Submisisti
428 1823 462 1853 te
486 1820 602 1864 labori,

218 1868 401 1901 Perdidisti
425 1872 631 1912 potestatem,

217 1915 405 1958 Subiugasti
430 1921 463 1949 te
490 1916 604 1961 furori,

215 1965 398 1998 Perdidisti
426 1966 625 2008 dignitatem,

880 219 911 252 9.
938 219 1007 260 Ego
1034 220 1121 252 Deus
1148 225 1264 254 cuncta
1287 230 1369 265 creo,

937 267 1123 308 VivificanS,
1150 269 1359 311 mortificans,

935 315 1006 356 Ego
1033 316 1066 348 in
1092 316 1208 350 throno
1233 318 1340 361 sedeo,

937 364 1164 406 Gonsfflerans,
1190 365 1377 407 iustificans,

934 411 1063 452 Ubique
1089 416 1204 445 cuncta
1232 414 1323 447 video

935 458 1080 502 Salvans,
1092 462 1317 506 condemnans,
1327 463 1489 503 mitigans.

852 519 907 552 10.
935 520 1006 560 Ego
1030 522 1094 553 iam
1117 532 1232 564 passus
1256 525 1407 567 moriens,

935 569 1098 611 Sepultus,
1125 580 1270 612 surgens,
1297 572 1470 616 suscitans,

934 616 981 648 Te
1007 625 1063 657 ego
1091 617 1237 650 Christus
1263 619 1424 652 redimens

932 664 979 696 Et
1002 664 1042 697 ab
1068 664 1195 699 inferno
1220 667 1373 710 liberans,

931 712 996 744 Fui
1021 713 1063 745 ad
1091 714 1213 746 caelum
1238 715 1369 747 rediens

933 759 1072 801 Sumque
1096 771 1116 794 a
1141 763 1265 795 dextris
1289 764 1445 797 iudicans.

848 822 904 857 11.
931 823 1014 855 Nam
1041 833 1111 855 sum
1136 825 1272 864 medela,
1300 827 1421 859 sanitas

933 871 977 903 Et
1003 870 1118 905 efficax
1144 873 1248 916 tuitio,

933 919 1008 951 Sum
1036 920 1153 952 donum
1180 926 1276 961 atque
1300 923 1434 963 largitas

931 967 976 999 Et
1000 967 1139 1000 salubris
1165 969 1344 1010 subventio,

931 1014 1007 1046 Sum
1032 1014 1124 1057 fides,
1151 1025 1288 1057 spesque
1314 1018 1432 1050 caritas

928 1062 974 1094 Et
998 1062 1160 1095 hominum
1188 1063 1343 1097 defensio.

845 1122 900 1157 12.
928 1123 986 1162 Tu,
1014 1123 1071 1167 fili,
1097 1125 1141 1156 sis
1167 1134 1218 1157 me
1244 1126 1378 1166 diligens

926 1170 971 1202 Et
995 1180 1068 1204 ama
1092 1171 1226 1205 fratrem
1251 1174 1444 1214 proximum,

927 1218 978 1250 Sis
1003 1222 1038 1250 tu
1065 1219 1240 1261 confessus,
1266 1222 1446 1266 paenitens,

926 1265 1017 1298 Nulli
1043 1268 1222 1300 concedens
1248 1269 1387 1312 noxium,

926 1313 978 1346 Sis
1003 1317 1038 1346 tu
1066 1317 1222 1348 contritus
1248 1317 1389 1358 rediens,

925 1362 999 1394 Non
1029 1363 1178 1396 claudam
1210 1365 1271 1397 tibi
1296 1366 1461 1406 gremium.

841 1424 897 1458 13.
927 1424 1024 1457 Cuius
1050 1435 1185 1467 magnus
1212 1430 1262 1459 est
1285 1436 1445 1468 excessus,

925 1472 975 1505 Sit
999 1482 1116 1514 magna
1140 1476 1351 1516 paenitentia,

923 1520 974 1553 Sit
998 1522 1219 1563 contritusque
1244 1523 1419 1566 confessus,

920 1570 1082 1611 Purgetur
1106 1571 1312 1613 conscientia,

922 1616 996 1650 Non
1022 1621 1071 1650 est
1095 1619 1201 1651 laesus
1227 1621 1284 1653 sed
1307 1619 1462 1654 defensus

920 1665 990 1697 Nec
1017 1666 1079 1698 erit
1101 1667 1135 1699 in
1161 1669 1331 1703 sententia.

837 1727 892 1761 14.
921 1728 955 1761 Si
980 1738 1032 1761 me
1055 1729 1090 1761 in
1114 1730 1164 1762 ira
1190 1732 1343 1773 concitas,

920 1776 1002 1809 Nam
1029 1776 1161 1811 fortiter
1184 1781 1218 1811 te
1243 1789 1386 1820 arguam,

919 1825 969 1858 Tu
995 1828 1109 1858 contra
1133 1836 1184 1859 me
1208 1837 1272 1861 non
1298 1827 1411 1871 facias,

919 1873 984 1906 Sed
1005 1877 1099 1915 petas
1125 1885 1145 1908 a
1168 1885 1220 1908 me
1245 1877 1382 1922 veniam,

917 1922 949 1954 A
975 1925 1007 1955 te
1032 1924 1156 1964 repelle
1180 1925 1343 1969 tenebras,

917 1970 993 2003 Tibi
1016 1972 1081 2004 iam
1106 1972 1215 2006 lumen
1242 1973 1416 2010 conferam.

221 2026 247 2062 2,
265 2025 279 2054 1
294 2027 404 2056 fundis.
417 2042 457 2047 -
477 2027 503 2063 7,
518 2026 532 2056 1
547 2029 713 2059 Admisisti.
727 2044 765 2049 —
786 2029 814 2065 7,
824 2028 842 2058 5
855 2030 1021 2061 Admisisti.
1035 2049 1074 2053 —
1096 2032 1139 2069 14,
1153 2033 1171 2062 2
1184 2035 1254 2064 Lies
1268 2036 1332 2064 Iam
1346 2037 1481 2065 fortiter?

598 2112 640 2145 31.
682 2113 767 2146 Dicit
791 2114 873 2147 Deus
894 2116 1025 2149 homini.

153 2183 186 2219 1.
213 2183 284 2225 Ego
310 2184 420 2229 iudex,
449 2188 549 2228 actor,
577 2186 682 2227 testis,

213 2232 292 2266 Cum
317 2233 445 2265 venerit
468 2233 635 2275 iudicium,

211 2281 295 2313 Nam
321 2282 356 2314 in
380 2281 497 2314 throno
514 2291 585 2315 sum
604 2292 624 2315 a
641 2282 776 2328 dextris,

213 2330 274 2369 Qui
299 2328 419 2363 faciam
445 2329 599 2372 officium,

209 2378 290 2410 Dies
315 2379 394 2423 irae,
424 2379 494 2411 dies
519 2379 632 2423 pestis,

212 2425 291 2459 Cum
319 2427 450 2460 dabitur
475 2427 682 2469 supplicium.

856 2189 887 2222 2.
915 2188 989 2221 Non
1017 2190 1132 2223 claudo
1157 2190 1218 2223 tibi
1243 2192 1409 2236 gremium,

910 2237 979 2269 Iam
1005 2237 1032 2269 si
1059 2238 1149 2278 cupis
1174 2242 1211 2270 tu
1235 2239 1355 2280 redire,

913 2284 988 2317 Tibi
1014 2288 1102 2318 certe
1129 2287 1169 2319 do
1194 2288 1383 2332 praemium,

912 2332 946 2365 Si
972 2335 1009 2364 tu
1035 2334 1125 2374 cupis
1152 2334 1317 2379 oboedire,

911 2380 995 2413 Nam
1021 2384 1054 2414 te
1078 2382 1231 2416 reducam
1258 2384 1396 2428 devium,

912 2428 947 2461 Si
970 2439 1036 2463 non
1060 2440 1150 2464 amas
1175 2434 1208 2464 te
1233 2433 1353 2473 perire.
