1651 2700
370 253 580 289 Responsoria.

173 306 206 340 1.
231 308 387 349 Acceptis
413 312 552 346 induciis

230 355 326 389 Hanc
349 359 415 392 suis
443 361 518 394 dum
545 365 666 404 nuptiis

277 405 391 439 Comes
420 411 607 453 postulavit,

230 453 329 494 Virgo
354 457 450 489 morti
477 458 631 502 debitum,

227 500 298 534 Deo
326 503 436 536 reddit
461 507 622 549 spiritum,

275 550 335 589 Qui
364 556 479 585 cuncta
505 557 647 597 creavit,

153 594 191 628 V.
228 597 421 632 Exactorem
450 603 618 637 criminum

273 645 377 679 Felici
405 653 596 694 constantia,

224 692 382 733 Sponsum
409 697 509 730 vincit
535 700 691 741 virginum

273 741 350 775 Cum
376 747 483 785 precis
508 747 672 784 instantia.

162 818 196 850 2.
223 819 354 853 Amoris
380 822 461 855 haec
485 825 635 864 passibus

270 869 371 910 Virgo
397 872 573 905 manicavit

218 914 263 947 Et
290 913 424 951 Christo
449 920 654 960 lampadibus

269 963 412 1006 Sumptis
439 967 591 1008 obviavit,

219 1010 302 1043 Nam
332 1022 403 1045 cum
428 1016 628 1056 sapientibus

220 1058 363 1100 Vigilans
391 1071 461 1094 cum
488 1064 638 1104 segnibus

265 1107 436 1148 Nunquam
464 1111 668 1153 dormitavit3

139 1152 178 1186 V.
221 1153 299 1186 Cum
325 1165 443 1196 sponso
472 1159 624 1192 caelestia

213 1201 341 1235 Pernox
367 1204 409 1237 ad
436 1207 583 1239 convivia

259 1250 404 1284 Iubilans
429 1253 573 1287 intravit.

149 1325 182 1359 3.
211 1326 236 1359 O
263 1328 388 1368 lampas
413 1329 553 1372 luciflua,

258 1375 353 1408 Vitae
378 1386 535 1418 spargens
559 1381 677 1423 lumen,

208 1423 233 1455 O
259 1424 331 1464 apis
356 1425 511 1459 melliflua

252 1472 369 1505 Cordis
396 1483 533 1516 pascens
561 1475 699 1521 frumen,

204 1518 312 1552 Sacris
338 1530 395 1553 ora
420 1524 572 1562 precibus

200 1566 246 1599 Et
269 1569 389 1601 nostris
415 1572 559 1605 reatibus

247 1616 382 1652 Veniam
409 1619 559 1661 implora,

123 1661 163 1694 V.
202 1663 299 1696 Fidei
325 1669 361 1697 ut
385 1667 506 1700 lumine

247 1712 368 1746 Noster
389 1715 583 1759 intellectus,

197 1760 328 1793 Amoris
355 1763 528 1797 dulcedine

246 1809 402 1843 Pascatur
425 1811 571 1847 affectus.

285 1936 331 1968 In
354 1936 587 1974 Laudibus.

333 2033 536 2070 Antiphonae.

127 2098 158 2132 1.
188 2098 312 2144 Gaude,
340 2102 443 2145 virgo,
470 2105 569 2138 nobili

233 2148 314 2188 Quia
339 2159 439 2190 super
462 2162 576 2187 aurum

182 2197 266 2229 Fers
292 2198 326 2229 in
351 2208 429 2231 vase
453 2200 547 2234 fictili

232 2244 408 2279 Caelestem
437 2249 634 2286 thesaurum.

118 2322 151 2354 2.
177 2321 334 2355 Fructum
361 2323 427 2357 fers
455 2328 673 2373 centesimum,

226 2371 363 2405 Dulcem
390 2376 423 2406 et
447 2375 590 2412 obesum,

177 2419 215 2452 In
242 2429 304 2460 quo
331 2422 448 2455 scimus
473 2414 649 2464 plurimum

223 2468 397 2502 Delectare
421 2472 539 2507 Iesum.

155 2524 297 2556 Dreves,
316 2527 479 2554 christanus
497 2531 732 2562 Gampoliliensis.

805 165 945 200 81—

866 266 897 299 3.
924 267 976 300 Ita
1000 269 1090 309 virgo
1115 271 1272 311 virginem

974 315 1135 350 Christum
1159 319 1317 363 imitatur,

923 364 1128 405 Aspernatur
1150 367 1319 411 hominem,

969 412 1040 445 Deo
1064 417 1100 446 ut
1126 413 1263 451 fruatur.

860 478 894 511 4.
921 479 1118 522 Petronella‚
1145 481 1213 516 filia

969 528 1030 560 Dei
1056 538 1075 561 ο
1100 534 1238 572 sacrata,

921 576 1013 608 Inter
1040 578 1119 609 caeli
1147 579 1218 611 lilia

969 623 1083 657 Flores
1110 629 1359 668 transplantata.

861 691 892 724 5.
918 689 1039 723 Lilium
1066 695 1269 735 convallium,

965 740 1052 772 Rosa
1078 742 1233 785 caritatis,

916 786 979 819 Dei
1005 788 1100 828 placa
1124 788 1226 822 filium

965 835 1094 869 Nostris
1120 847 1180 878 pro
1205 841 1359 880 peccatis,

1034 931 1080 959 Ad
1102 933 1273 962 Benedictus

838 987 880 1020 A.
917 988 942 1020 O
971 989 1081 1022 divina
1105 1000 1190 1032 rosa,

960 1037 1156 1079 Petronella,
1182 1038 1248 1071 fide
1273 1042 1424 1083 pretiosa,

909 1085 934 1117 O
960 1084 1085 1124 lampas
1111 1087 1202 1130 caeli,

951 1141 1011 1171 pro
1036 1132 1129 1165 nobis
1155 1143 1234 1166 voce
1258 1134 1349 1168 fideli

906 1179 1030 1220 Iugiter
1056 1189 1162 1224 exora,

954 1228 1117 1261 salvemur
1141 1231 1256 1262 mertis
1282 1236 1318 1263 ut
1343 1232 1432 1266 hora.

966 1352 1015 1385 In
1042 1355 1073 1387 2.
1100 1355 1320 1395 vesperis.

1045 1429 1247 1466 Antiphonae.

838 1485 869 1519 1.
897 1485 988 1518 Haec
1013 1490 1062 1519 est
1087 1489 1157 1521 sine
1181 1492 1309 1524 macula

943 1535 1032 1567 Ante
1056 1536 1119 1569 Dei
1144 1538 1305 1583 thronum,

894 1581 972 1614 Sine
997 1585 1074 1616 mali
1098 1583 1208 1619 facula

942 1630 1077 1673 Semper
1102 1643 1200 1674 agens
1225 1635 1355 1671 bonum.

834 1697 865 1729 2.
894 1697 996 1738 Virgo
1020 1698 1099 1731 felix
1125 1702 1272 1742 sequitm

939 1746 1067 1787 Agnum
1093 1748 1166 1789 Dei,
1195 1750 1370 1795 Christum,

891 1794 1096 1837 Quocumque
1119 1799 1338 1843 progreditur,

936 1843 1094 1877 Mundum
1120 1855 1277 1887 spernens
1302 1850 1411 1885 istum.

827 1910 860 1944 3.
889 1909 967 1942 Cum
992 1911 1126 1945 thronus
1154 1913 1313 1949 eburneus

932 1959 1024 1992 Haec
1048 1961 1091 1993 sit
1117 1961 1307 2006 Salomonis,

884 2006 1008 2048 Nescit,
1035 2010 1113 2050 quid
1139 2011 1184 2043 sit
1208 2021 1328 2046 aureus

933 2056 1026 2090 Calix
1051 2058 1240 2099 Babylonis

822 2123 853 2155 4.
882 2122 956 2155 Non
983 2125 1084 2157 oblita
1111 2126 1234 2160 fasciae

928 2171 1012 2204 Suae
1036 2176 1221 2217 pectoralis,

878 2218 986 2260 Digno
1015 2230 1134 2261 sponso
1160 2224 1283 2264 gloriae

923 2267 1031 2309 Digna
1057 2271 1264 2305 conthoralis.

815 2334 846 2366 5.
872 2333 1012 2367 Domum
1037 2339 1164 2370 mutans
1190 2339 1309 2372 luteam

921 2382 963 2415 Se
989 2385 1098 2417 counit
1123 2386 1203 2429 Deo,

872 2431 969 2463 Volat
993 2432 1036 2465 ad
1061 2434 1221 2468 sideream

922 2479 1028 2513 Corde
1051 2482 1201 2518 iubilaeo.

1240 2540 1257 2570 6
