1651 2700
730 115 996 151 -216—

557 206 607 238 45.
641 207 776 246 Hymnus
798 207 880 239 alius
902 208 939 241 de
957 209 1054 241 beata
1074 210 1111 242 M.
1126 211 1162 242 V.

297 268 337 297 et
363 266 411 298 de
436 267 772 308 significatione
796 270 986 311 quinque
1010 272 1258 317 literarum,
1287 275 1425 315 quibus

249 315 521 354 componitur
545 316 616 348 hoc
639 326 788 350 nomen
813 318 954 352 Maria
977 319 1019 352 in
1045 319 1137 353 fine
1162 321 1291 355 huius
1319 323 1471 365 hymni,

214 389 245 424 1.
271 390 310 422 In
336 391 481 423 omnibus
506 394 541 424 tu
566 393 693 436 nobilis,

270 437 318 469 Tu
342 438 444 471 maior
468 448 502 472 es
526 440 688 484 nobilitas,

269 485 308 517 In
333 487 452 519 sanctis
478 496 511 519 es
536 488 720 531 laudabilis,

268 532 318 564 Tu
343 534 485 576 castitaS,
512 535 691 577 virginitas,

267 580 305 611 In
331 582 453 613 cunctis
480 591 513 614 es
538 584 695 624 amabilis,

267 627 318 659 Tu
340 629 453 671 virtus,
480 631 674 665 virtuositaS.

208 705 239 735 2.
265 703 318 736 De
342 708 375 737 te
400 706 471 745 quis
495 706 603 739 haurit
627 709 773 753 gratiam,

266 750 375 784 Donas
400 753 498 785 vitam
524 757 559 786 tu
582 756 716 797 petenti,

264 798 313 829 Tu
337 799 492 839 impetras
518 802 719 835 clementiam

263 847 293 877 A
318 849 414 888 patre
435 849 655 890 omnipotenti,

263 892 327 925 Per
351 897 384 926 te
408 895 552 928 videmus
577 898 720 938 gloriam,

263 941 327 972 Per
350 944 382 974 te
406 952 513 975 sumus
539 954 595 976 nos
619 948 769 982 contenti.

202 1017 235 1048 3.
260 1016 310 1049 Tu
334 1017 406 1050 fons
431 1020 545 1059 plenus
570 1023 744 1061 gratiarum

260 1063 305 1096 Et
328 1065 458 1105 pietatis
484 1069 605 1109 veniae,

260 1112 382 1144 Hortus
408 1122 441 1145 es
468 1115 665 1159 deliciarum,

260 1159 390 1191 Amoris
417 1164 449 1192 et
473 1162 670 1207 clementiae,

259 1206 309 1238 Tu
332 1206 473 1240 iuvatrix
495 1211 734 1253 prophetarum,

259 1252 309 1284 Tu
334 1262 367 1286 es
392 1257 503 1297 regina
526 1258 657 1298 gloriae.

897 398 929 430 4.
956 396 1005 429 Tu
1031 406 1063 430 es
1089 398 1181 439 virga
1207 400 1363 441 veritatis,

955 445 1004 477 Tu
1031 454 1064 478 es
1089 446 1182 487 virga
1205 445 1295 480 floris
1322 447 1449 488 florum,

954 493 1060 533 Digna
1084 496 1119 526 tu
1144 495 1349 536 virginitatis,

957 541 1054 581 Virga
1077 545 1112 573 tu
1137 543 1292 575 virtutum
1318 553 1456 585 morum,

953 588 1002 621 Tu
1028 598 1061 621 es
1087 590 1179 631 virga
1204 592 1358 631 caritatis,

953 636 1002 668 Tu
1027 637 1140 677 regina
1165 647 1197 670 es
1224 640 1396 673 caelorum.

892 713 923 745 5.
951 713 1050 754 Virga
1075 715 1164 747 Iesse
1190 714 1282 758 [iam]
1306 715 1417 749 floruit

949 760 1160 802 Frondesque
1168 761 1308 795 fructum
1314 766 1510 808 germinans,

949 808 1166 850 Nostramque
1190 814 1325 843 mortem
1350 812 1487 846 abstulit

949 856 1056 888 Vitam
1085 857 1149 889 iam
1174 862 1316 891 nostram
1342 869 1508 907 reparans,

947 904 1128 945 Pacemque
1155 906 1252 938 vitam
1277 907 1402 951 tribuit,

947 950 1014 983 Nos
1042 952 1191 985 claritate
1215 954 1385 991 luminans.

887 1028 918 1060 6.
944 1025 1050 1061 Mater
1076 1029 1174 1068 alma,
1201 1033 1235 1062 tu
1261 1032 1386 1075 regina,

945 1075 993 1106 Tu
1021 1080 1206 1109 cunctorum
1232 1087 1265 1110 es
1290 1077 1443 1122 iuvatrix‚

945 1122 994 1154 Tu
1019 1124 1177 1167 caelestis,
1206 1128 1241 1157 tu
1269 1126 1388 1169 divina,

942 1169 992 1201 Tu
1016 1174 1199 1204 nostrorum
1222 1182 1256 1205 es
1284 1176 1437 1216 amatrix,

944 1217 1046 1250 Nobis
1071 1228 1180 1251 aurem
1205 1223 1240 1252 tu
1266 1221 1397 1264 inclina,

942 1264 991 1296 Tu
1016 1266 1060 1297 sis
1084 1270 1195 1300 nostra
1219 1270 1404 1305 mediatrix.

262 1318 356 1346 Nota:
376 1320 408 1347 M
428 1321 457 1348 id
479 1324 524 1349 est
542 1326 643 1358 mater,
665 1333 683 1352 a
702 1326 732 1353 id
753 1330 798 1355 est
817 1328 903 1364 alma,
925 1339 939 1357 ι·
963 1331 993 1358 id
1015 1335 1058 1359 est
1078 1334 1189 1369 regina,
1211 1336 1222 1361 i
1242 1335 1274 1362 id
1298 1338 1343 1363 est
1362 1338 1502 1373 iuvatrix,

187 1363 205 1382 a.
225 1355 256 1383 id
277 1359 323 1384 est
342 1360 468 1386 amatrix
488 1360 646 1389 hominum.

548 1463 596 1494 46.
637 1465 773 1504 Hymnus
795 1468 877 1500 alius
898 1478 994 1510 super
1014 1472 1133 1504 eadem.

196 1527 228 1562 1.
254 1527 360 1561 Fuisti
385 1531 425 1563 ab
451 1532 543 1565 initio

255 1575 381 1620 Sancta,
407 1579 508 1622 virgo,
535 1584 569 1613 tu
595 1586 712 1623 creata,

253 1624 302 1655 Tu
327 1626 456 1665 quidem
481 1628 550 1660 sine
575 1630 663 1671 vitio,

253 1670 387 1713 Semper
411 1676 446 1706 tu
471 1676 679 1721 sanctificata,

254 1718 331 1751 Cum
356 1721 455 1754 simus
479 1723 512 1755 in
536 1725 665 1767 iudicio,

249 1767 304 1799 Ad
328 1767 491 1802 defensam
516 1772 560 1804 sis
584 1777 709 1813 parata.

193 1842 227 1874 2.
253 1842 312 1883 Tu,
337 1844 439 1886 virgo,
465 1848 534 1879 sine
558 1850 693 1890 macula,

249 1890 297 1921 Tu
319 1895 415 1936 casta,
439 1895 592 1935 prudens,
619 1899 756 1943 sapiens,

249 1936 395 1972 Firmata
419 1944 493 1973 ante
516 1945 653 1988 saecula,

251 1984 299 2016 Tu
323 1985 428 2027 fortis,
456 1989 569 2031 dulcis,
595 1993 731 2035 patiens,

247 2032 296 2064 Tu
319 2034 420 2067 virtus
446 2039 479 2068 et
500 2038 665 2080 miracula,

246 2079 441 2116 Suavitatem
468 2085 628 2121 hauriens,

185 2156 217 2188 3.
243 2156 292 2188 Tu
317 2154 379 2203 [es]
407 2161 495 2203 virgo
521 2166 596 2195 ante
619 2169 758 2208 partum,

242 2204 290 2236 Tu
314 2216 433 2246 parens
456 2214 600 2244 sanctum
624 2212 736 2256 filium,

243 2252 291 2284 Tu
317 2258 348 2285 et
372 2256 463 2297 virgo
490 2267 522 2290 es
547 2264 622 2300 post
645 2266 784 2306 partum,

242 2299 291 2331 Tu
317 2304 474 2337 castitatis
499 2307 613 2352 lilium,

244 2346 292 2379 Tu
318 2350 436 2384 dedisti
458 2354 550 2387 nobis
576 2360 703 2390 cantum

242 2395 424 2439 Solutisque
449 2403 625 2439 consilium.

841 1541 873 1573 4.

838 1858 871 1891 5.

836 2173 866 2205 6.

901 1540 1025 1584 Gaude,
1050 1544 1142 1584 virgo
1167 1547 1316 1591 gloriosa,

899 1589 938 1621 In
962 1593 1057 1629 patre
1077 1596 1110 1623 et
1132 1592 1166 1624 in
1191 1593 1269 1637 filio,

900 1636 948 1668 Tu
972 1647 1053 1677 prae
1078 1641 1201 1673 cunctis
1227 1641 1402 1688 fructuosa,

899 1683 949 1716 Sis
973 1686 1066 1718 nobis
1091 1688 1124 1719 in
1150 1690 1281 1728 auxilio,

899 1732 948 1764 Tu
973 1734 1091 1776 suavis,
1119 1737 1255 1771 odorosa

898 1779 937 1811 In
960 1782 1119 1815 castitatis
1142 1785 1224 1819 lilio.

897 1858 947 1890 Tu
975 1858 1128 1892 divinitus
1153 1862 1301 1906 humana,

897 1904 1003 1945 Super
1027 1916 1135 1941 omnes
1158 1911 1309 1954 gratiosa,

896 1952 945 1984 Tu
968 1955 1096 1987 medela
1119 1957 1211 1990 nobis
1237 1969 1316 1993 sana

894 2000 939 2032 Et
963 2001 1049 2034 oliva
1073 2005 1230 2049 speciosa,

896 2048 992 2088 Quasi
1016 2051 1111 2084 stella
1136 2057 1340 2090 tramontana

896 2096 1129 2140 Odoriferaque
1152 2111 1236 2137 rosa.

893 2173 943 2205 Tu
968 2176 1124 2215 peperisti
1148 2178 1260 2223 filium,

894 2220 1066 2266 Christum,
1074 2230 1230 2270 sanctum,
1238 2239 1357 2274 regem,
1366 2233 1492 2278 ducem,

891 2269 1086 2313 Floremque
1110 2273 1262 2320 fructum,
1288 2279 1393 2312 lilium

891 2316 937 2348 Et
960 2318 994 2351 in
1019 2322 1139 2355 mundo
1164 2333 1274 2358 veram
1299 2327 1415 2372 lucem,

891 2364 1083 2407 Recepimus
1107 2372 1263 2406 auxilium

891 2412 946 2456 Et,
973 2424 1043 2448 cum
1065 2418 1119 2451 hic
1144 2423 1288 2463 suscepit
1312 2433 1451 2462 crucem.
