<?xml version="1.0" encoding="UTF-8"?>
<!DOCTYPE html PUBLIC "-//W3C//DTD XHTML 1.0 Transitional//EN"
    "http://www.w3.org/TR/xhtml1/DTD/xhtml1-transitional.dtd">
<html xmlns="http://www.w3.org/1999/xhtml" xml:lang="en" lang="en">
 <head>
  <title>
</title>
<meta http-equiv="Content-Type" content="text/html;charset=utf-8" />
  <meta name='ocr-system' content='tesseract 3.04.00' />
  <meta name='ocr-capabilities' content='ocr_page ocr_carea ocr_par ocr_line ocrx_word'/>
</head>
<body>
  <div class='ocr_page' id='page_1' title='image "./analectahymnica41drevuoft_00201.png"; bbox 0 0 1651 2700; ppageno 0'>
   <div class='ocr_carea' id='block_1_1' title="bbox 719 170 978 206">
    <p class='ocr_par' dir='ltr' id='par_1_1' title="bbox 719 170 978 206">
     <span class='ocr_line' id='line_1_1' title="bbox 719 170 978 206; baseline 0 0"><span class='ocrx_word' id='word_1_1' title='bbox 719 170 978 206; x_wconf 82' lang='lat'>—198—</span> 
     </span>
    </p>
   </div>
   <div class='ocr_carea' id='block_1_2' title="bbox 208 271 731 550">
    <p class='ocr_par' dir='ltr' id='par_1_2' title="bbox 208 271 731 550">
     <span class='ocr_line' id='line_1_2' title="bbox 208 271 596 312; baseline -0.015 -5"><span class='ocrx_word' id='word_1_2' title='bbox 208 275 240 307; x_wconf 87' lang='grc'>3.</span> <span class='ocrx_word' id='word_1_3' title='bbox 264 272 452 312; x_wconf 84' lang='lat' dir='ltr'>Iniquitates</span> <span class='ocrx_word' id='word_1_4' title='bbox 479 271 596 310; x_wconf 82' lang='lat' dir='ltr'>deleaS,</span> 
     </span>
     <span class='ocr_line' id='line_1_3' title="bbox 263 320 625 358; baseline -0.008 -6"><span class='ocrx_word' id='word_1_5' title='bbox 263 320 399 353; x_wconf 79' lang='lat' dir='ltr'>Dimitte</span> <span class='ocrx_word' id='word_1_6' title='bbox 422 322 458 351; x_wconf 89' lang='lat' dir='ltr'>tu</span> <span class='ocrx_word' id='word_1_7' title='bbox 481 322 625 358; x_wconf 87' lang='lat' dir='ltr'>peccata,</span> 
     </span>
     <span class='ocr_line' id='line_1_4' title="bbox 264 366 687 406; baseline -0.007 -7"><span class='ocrx_word' id='word_1_8' title='bbox 264 368 313 400; x_wconf 87' lang='lat' dir='ltr'>Tu</span> <span class='ocrx_word' id='word_1_9' title='bbox 338 367 390 399; x_wconf 89' lang='lat' dir='ltr'>dic</span> <span class='ocrx_word' id='word_1_10' title='bbox 413 366 508 398; x_wconf 83' lang='lat' dir='ltr'>mihi:</span> <span class='ocrx_word' id='word_1_11' title='bbox 536 366 687 406; x_wconf 81' lang='lat' dir='ltr'><strong>gaudeas,</strong></span> 
     </span>
     <span class='ocr_line' id='line_1_5' title="bbox 264 413 723 455; baseline -0.007 -8"><span class='ocrx_word' id='word_1_12' title='bbox 264 415 402 448; x_wconf 87' lang='lat' dir='ltr'>Pulchra</span> <span class='ocrx_word' id='word_1_13' title='bbox 428 414 510 446; x_wconf 91' lang='lat' dir='ltr'>dabo</span> <span class='ocrx_word' id='word_1_14' title='bbox 535 413 595 446; x_wconf 93' lang='lat' dir='ltr'>tibi</span> <span class='ocrx_word' id='word_1_15' title='bbox 619 415 723 455; x_wconf 89' lang='lat' dir='ltr'>prata,</span> 
     </span>
     <span class='ocr_line' id='line_1_6' title="bbox 264 462 645 504; baseline -0.008 -8"><span class='ocrx_word' id='word_1_16' title='bbox 264 463 311 497; x_wconf 85' lang='lat' dir='ltr'>Ut</span> <span class='ocrx_word' id='word_1_17' title='bbox 334 465 369 494; x_wconf 89' lang='lat' dir='ltr'>tu</span> <span class='ocrx_word' id='word_1_18' title='bbox 393 463 426 494; x_wconf 89' lang='lat' dir='ltr'>in</span> <span class='ocrx_word' id='word_1_19' title='bbox 453 462 497 494; x_wconf 90' lang='lat' dir='ltr'>eis</span> <span class='ocrx_word' id='word_1_20' title='bbox 523 462 645 504; x_wconf 81' lang='lat' dir='ltr'>sedeas,</span> 
     </span>
     <span class='ocr_line' id='line_1_7' title="bbox 267 510 731 550; baseline 0 -8"><span class='ocrx_word' id='word_1_21' title='bbox 267 510 353 550; x_wconf 78' lang='lat' dir='ltr'>Quae</span> <span class='ocrx_word' id='word_1_22' title='bbox 379 510 483 550; x_wconf 82' lang='lat' dir='ltr'><strong>dignis</strong></span> <span class='ocrx_word' id='word_1_23' title='bbox 509 511 583 541; x_wconf 87' lang='lat' dir='ltr'>sunt</span> <span class='ocrx_word' id='word_1_24' title='bbox 606 511 731 549; x_wconf 81' lang='lat' dir='ltr'>parata.</span> 
     </span>
    </p>
   </div>
   <div class='ocr_carea' id='block_1_3' title="bbox 206 604 709 881">
    <p class='ocr_par' dir='ltr' id='par_1_3' title="bbox 206 604 709 881">
     <span class='ocr_line' id='line_1_8' title="bbox 206 604 709 639; baseline -0.008 0"><span class='ocrx_word' id='word_1_25' title='bbox 206 607 238 639; x_wconf 83' lang='lat'>4.</span> <span class='ocrx_word' id='word_1_26' title='bbox 265 604 471 638; x_wconf 81' lang='lat' dir='ltr'>Descendisti</span> <span class='ocrx_word' id='word_1_27' title='bbox 495 607 530 636; x_wconf 88' lang='lat' dir='ltr'>tu</span> <span class='ocrx_word' id='word_1_28' title='bbox 557 604 597 636; x_wconf 92' lang='lat' dir='ltr'>de</span> <span class='ocrx_word' id='word_1_29' title='bbox 622 604 709 635; x_wconf 88' lang='lat' dir='ltr'>caelo</span> 
     </span>
     <span class='ocr_line' id='line_1_9' title="bbox 266 652 683 692; baseline -0.005 -7"><span class='ocrx_word' id='word_1_30' title='bbox 266 653 329 685; x_wconf 87' lang='lat' dir='ltr'>Pro</span> <span class='ocrx_word' id='word_1_31' title='bbox 355 653 459 684; x_wconf 88' lang='lat' dir='ltr'>salute</span> <span class='ocrx_word' id='word_1_32' title='bbox 482 652 683 692; x_wconf 83' lang='lat' dir='ltr'>populorum,</span> 
     </span>
     <span class='ocr_line' id='line_1_10' title="bbox 266 699 702 738; baseline -0.002 -7"><span class='ocrx_word' id='word_1_33' title='bbox 266 699 387 732; x_wconf 82' lang='lat' dir='ltr'>Factus</span> <span class='ocrx_word' id='word_1_34' title='bbox 413 700 506 731; x_wconf 90' lang='lat' dir='ltr'>homo</span> <span class='ocrx_word' id='word_1_35' title='bbox 531 699 599 730; x_wconf 91' lang='lat' dir='ltr'>sine</span> <span class='ocrx_word' id='word_1_36' title='bbox 623 699 702 738; x_wconf 89' lang='lat' dir='ltr'>zelo,</span> 
     </span>
     <span class='ocr_line' id='line_1_11' title="bbox 267 746 705 787; baseline -0.005 -8"><span class='ocrx_word' id='word_1_37' title='bbox 267 748 312 780; x_wconf 88' lang='lat' dir='ltr'>Et</span> <span class='ocrx_word' id='word_1_38' title='bbox 336 750 368 778; x_wconf 90' lang='lat' dir='ltr'>te</span> <span class='ocrx_word' id='word_1_39' title='bbox 393 756 490 787; x_wconf 84' lang='lat' dir='ltr'>genus</span> <span class='ocrx_word' id='word_1_40' title='bbox 515 746 705 779; x_wconf 84' lang='lat' dir='ltr'>Iudaeorum</span> 
     </span>
     <span class='ocr_line' id='line_1_12' title="bbox 271 792 648 835; baseline -0.003 -8"><span class='ocrx_word' id='word_1_41' title='bbox 271 793 438 828; x_wconf 80' lang='lat' dir='ltr'>crucifixit</span> <span class='ocrx_word' id='word_1_42' title='bbox 462 792 541 826; x_wconf 88' lang='lat' dir='ltr'>ferri</span> <span class='ocrx_word' id='word_1_43' title='bbox 565 794 648 835; x_wconf 90' lang='lat' dir='ltr'>telo;</span> 
     </span>
     <span class='ocr_line' id='line_1_13' title="bbox 267 842 708 881; baseline -0.005 -7"><span class='ocrx_word' id='word_1_44' title='bbox 267 842 344 874; x_wconf 85' lang='lat' dir='ltr'>Fuit</span> <span class='ocrx_word' id='word_1_45' title='bbox 367 842 473 873; x_wconf 88' lang='lat' dir='ltr'>lumen</span> <span class='ocrx_word' id='word_1_46' title='bbox 499 842 708 881; x_wconf 86' lang='lat' dir='ltr'>captivorum.</span> 
     </span>
    </p>
   </div>
   <div class='ocr_carea' id='block_1_4' title="bbox 209 936 758 1207">
    <p class='ocr_par' dir='ltr' id='par_1_4' title="bbox 209 936 758 1207">
     <span class='ocr_line' id='line_1_14' title="bbox 209 936 758 976; baseline -0.005 -6"><span class='ocrx_word' id='word_1_47' title='bbox 209 938 240 970; x_wconf 84' lang='lat'>5.</span> <span class='ocrx_word' id='word_1_48' title='bbox 267 938 317 970; x_wconf 89' lang='lat' dir='ltr'>Tu</span> <span class='ocrx_word' id='word_1_49' title='bbox 342 937 495 969; x_wconf 87' lang='lat' dir='ltr'>virtutum</span> <span class='ocrx_word' id='word_1_50' title='bbox 522 945 555 970; x_wconf 86' lang='lat' dir='ltr'>es</span> <span class='ocrx_word' id='word_1_51' title='bbox 580 936 758 976; x_wconf 80' lang='lat' dir='ltr'>thesaurus,</span> 
     </span>
     <span class='ocr_line' id='line_1_15' title="bbox 269 983 700 1025; baseline -0.005 -8"><span class='ocrx_word' id='word_1_52' title='bbox 269 985 455 1025; x_wconf 77' lang='lat' dir='ltr'>Sapientiae</span> <span class='ocrx_word' id='word_1_53' title='bbox 479 983 551 1016; x_wconf 90' lang='lat' dir='ltr'>fons</span> <span class='ocrx_word' id='word_1_54' title='bbox 576 984 700 1024; x_wconf 82' lang='lat' dir='ltr'>plenuS,</span> 
     </span>
     <span class='ocr_line' id='line_1_16' title="bbox 268 1031 745 1071; baseline -0.004 -7"><span class='ocrx_word' id='word_1_55' title='bbox 268 1032 317 1064; x_wconf 87' lang='lat' dir='ltr'>Tu</span> <span class='ocrx_word' id='word_1_56' title='bbox 341 1032 374 1063; x_wconf 94' lang='lat' dir='ltr'>in</span> <span class='ocrx_word' id='word_1_57' title='bbox 400 1031 545 1063; x_wconf 88' lang='lat' dir='ltr'>omnibus</span> <span class='ocrx_word' id='word_1_58' title='bbox 571 1040 604 1063; x_wconf 92' lang='lat' dir='ltr'>es</span> <span class='ocrx_word' id='word_1_59' title='bbox 630 1031 745 1071; x_wconf 86' lang='lat' dir='ltr'>clarus,</span> 
     </span>
     <span class='ocr_line' id='line_1_17' title="bbox 268 1079 743 1120; baseline -0.002 -10"><span class='ocrx_word' id='word_1_60' title='bbox 268 1080 367 1111; x_wconf 90' lang='lat' dir='ltr'>Omne</span> <span class='ocrx_word' id='word_1_61' title='bbox 392 1079 549 1110; x_wconf 87' lang='lat' dir='ltr'>luminans</span> <span class='ocrx_word' id='word_1_62' title='bbox 573 1081 610 1110; x_wconf 84' lang='lat' dir='ltr'>tu</span> <span class='ocrx_word' id='word_1_63' title='bbox 635 1087 743 1120; x_wconf 81' lang='lat' dir='ltr'>genus,</span> 
     </span>
     <span class='ocr_line' id='line_1_18' title="bbox 269 1126 723 1164; baseline -0.002 -7"><span class='ocrx_word' id='word_1_64' title='bbox 269 1126 381 1158; x_wconf 82' lang='lat' dir='ltr'>Nostri</span> <span class='ocrx_word' id='word_1_65' title='bbox 404 1127 447 1157; x_wconf 85' lang='lat' dir='ltr'>sis</span> <span class='ocrx_word' id='word_1_66' title='bbox 473 1129 596 1158; x_wconf 89' lang='lat' dir='ltr'>amator</span> <span class='ocrx_word' id='word_1_67' title='bbox 622 1134 723 1164; x_wconf 86' lang='lat' dir='ltr'>carus,</span> 
     </span>
     <span class='ocr_line' id='line_1_19' title="bbox 268 1174 735 1207; baseline 0 -2"><span class='ocrx_word' id='word_1_68' title='bbox 268 1174 367 1205; x_wconf 84' lang='lat' dir='ltr'>Pater</span> <span class='ocrx_word' id='word_1_69' title='bbox 394 1174 495 1205; x_wconf 87' lang='lat' dir='ltr'>dulcis</span> <span class='ocrx_word' id='word_1_70' title='bbox 521 1182 554 1205; x_wconf 90' lang='lat' dir='ltr'>es</span> <span class='ocrx_word' id='word_1_71' title='bbox 577 1176 735 1207; x_wconf 84' lang='lat' dir='ltr'>aeternus.</span> 
     </span>
    </p>
   </div>
   <div class='ocr_carea' id='block_1_5' title="bbox 889 261 1334 302">
    <p class='ocr_par' dir='ltr' id='par_1_5' title="bbox 889 261 1334 302">
     <span class='ocr_line' id='line_1_20' title="bbox 889 261 1334 302; baseline -0.02 -1"><span class='ocrx_word' id='word_1_72' title='bbox 889 270 921 302; x_wconf 92' lang='lat'>6.</span> <span class='ocrx_word' id='word_1_73' title='bbox 947 267 996 299; x_wconf 84' lang='lat' dir='ltr'>Tu</span> <span class='ocrx_word' id='word_1_74' title='bbox 1021 265 1164 298; x_wconf 87' lang='lat' dir='ltr'>homines</span> <span class='ocrx_word' id='word_1_75' title='bbox 1190 261 1334 296; x_wconf 85' lang='lat' dir='ltr'>vivificas</span> 
     </span>
    </p>
   </div>
   <div class='ocr_carea' id='block_1_6' title="bbox 944 309 1452 545">
    <p class='ocr_par' dir='ltr' id='par_1_6' title="bbox 944 309 1452 448">
     <span class='ocr_line' id='line_1_21' title="bbox 946 309 1452 351; baseline -0.018 -3"><span class='ocrx_word' id='word_1_76' title='bbox 946 315 991 348; x_wconf 89' lang='lat' dir='ltr'>Et</span> <span class='ocrx_word' id='word_1_77' title='bbox 1018 314 1075 346; x_wconf 89' lang='lat' dir='ltr'>das</span> <span class='ocrx_word' id='word_1_78' title='bbox 1101 321 1205 344; x_wconf 87' lang='lat' dir='ltr'>escam</span> <span class='ocrx_word' id='word_1_79' title='bbox 1232 310 1318 343; x_wconf 91' lang='lat' dir='ltr'>omni</span> <span class='ocrx_word' id='word_1_80' title='bbox 1346 309 1452 351; x_wconf 73' lang='lat' dir='ltr'>carni,</span> 
     </span>
     <span class='ocr_line' id='line_1_22' title="bbox 944 357 1388 396; baseline -0.018 -1"><span class='ocrx_word' id='word_1_81' title='bbox 944 363 993 395; x_wconf 89' lang='lat' dir='ltr'>Tu</span> <span class='ocrx_word' id='word_1_82' title='bbox 1018 361 1175 394; x_wconf 90' lang='lat' dir='ltr'>hominem</span> <span class='ocrx_word' id='word_1_83' title='bbox 1202 357 1388 396; x_wconf 82' lang='lat' dir='ltr'>mortificas,</span> 
     </span>
     <span class='ocr_line' id='line_1_23' title="bbox 947 406 1349 448; baseline -0.012 -6"><span class='ocrx_word' id='word_1_84' title='bbox 947 410 1039 443; x_wconf 86' lang='lat' dir='ltr'>Finis</span> <span class='ocrx_word' id='word_1_85' title='bbox 1064 418 1134 440; x_wconf 90' lang='lat' dir='ltr'>eum</span> <span class='ocrx_word' id='word_1_86' title='bbox 1160 408 1240 439; x_wconf 88' lang='lat' dir='ltr'>hora</span> <span class='ocrx_word' id='word_1_87' title='bbox 1265 406 1349 448; x_wconf 87' lang='lat' dir='ltr'>anni,</span> 
     </span>
    </p>

    <p class='ocr_par' dir='ltr' id='par_1_7' title="bbox 948 454 1357 490">
     <span class='ocr_line' id='line_1_24' title="bbox 948 454 1357 490; baseline -0.015 0"><span class='ocrx_word' id='word_1_88' title='bbox 948 458 996 490; x_wconf 88' lang='lat' dir='ltr'>Tu</span> <span class='ocrx_word' id='word_1_89' title='bbox 1022 456 1182 489; x_wconf 88' lang='lat' dir='ltr'>hominem</span> <span class='ocrx_word' id='word_1_90' title='bbox 1207 454 1357 486; x_wconf 85' lang='lat' dir='ltr'>humilias</span> 
     </span>
    </p>

    <p class='ocr_par' dir='ltr' id='par_1_8' title="bbox 948 501 1440 545">
     <span class='ocr_line' id='line_1_25' title="bbox 948 501 1440 545; baseline -0.01 -7"><span class='ocrx_word' id='word_1_91' title='bbox 948 506 992 538; x_wconf 89' lang='lat' dir='ltr'>Et</span> <span class='ocrx_word' id='word_1_92' title='bbox 1017 504 1106 545; x_wconf 83' lang='lat' dir='ltr'>quasi</span> <span class='ocrx_word' id='word_1_93' title='bbox 1132 504 1174 536; x_wconf 90' lang='lat' dir='ltr'>ad</span> <span class='ocrx_word' id='word_1_94' title='bbox 1201 503 1329 534; x_wconf 87' lang='lat' dir='ltr'>modum</span> <span class='ocrx_word' id='word_1_95' title='bbox 1356 501 1440 541; x_wconf 84' lang='lat' dir='ltr'>agni.</span> 
     </span>
    </p>
   </div>
   <div class='ocr_carea' id='block_1_7' title="bbox 892 598 1390 636">
    <p class='ocr_par' dir='ltr' id='par_1_9' title="bbox 892 598 1390 636">
     <span class='ocr_line' id='line_1_26' title="bbox 892 598 1390 636; baseline -0.012 -1"><span class='ocrx_word' id='word_1_96' title='bbox 892 603 924 636; x_wconf 87' lang='lat'>7.</span> <span class='ocrx_word' id='word_1_97' title='bbox 951 602 1000 633; x_wconf 89' lang='lat' dir='ltr'>Tu</span> <span class='ocrx_word' id='word_1_98' title='bbox 1024 604 1205 632; x_wconf 87' lang='lat' dir='ltr'>nostrorum</span> <span class='ocrx_word' id='word_1_99' title='bbox 1232 598 1390 630; x_wconf 86' lang='lat' dir='ltr'>mediator</span> 
     </span>
    </p>
   </div>
   <div class='ocr_carea' id='block_1_8' title="bbox 949 649 1449 871">
    <p class='ocr_par' dir='ltr' id='par_1_10' title="bbox 949 649 1449 871">
     <span class='ocr_line' id='line_1_27' title="bbox 949 649 1382 687; baseline -0.012 -6"><span class='ocrx_word' id='word_1_100' title='bbox 949 649 1012 681; x_wconf 88' lang='lat' dir='ltr'>Pro</span> <span class='ocrx_word' id='word_1_101' title='bbox 1039 649 1142 680; x_wconf 88' lang='lat' dir='ltr'>salute</span> <span class='ocrx_word' id='word_1_102' title='bbox 1166 649 1382 687; x_wconf 83' lang='lat' dir='ltr'>peccatorum,</span> 
     </span>
     <span class='ocr_line' id='line_1_28' title="bbox 950 695 1449 736; baseline -0.008 -8"><span class='ocrx_word' id='word_1_103' title='bbox 950 697 1000 728; x_wconf 90' lang='lat' dir='ltr'>Tu</span> <span class='ocrx_word' id='word_1_104' title='bbox 1024 705 1082 736; x_wconf 91' lang='lat' dir='ltr'>pro</span> <span class='ocrx_word' id='word_1_105' title='bbox 1108 695 1200 727; x_wconf 91' lang='lat' dir='ltr'>nobis</span> <span class='ocrx_word' id='word_1_106' title='bbox 1226 703 1259 726; x_wconf 89' lang='lat' dir='ltr'>es</span> <span class='ocrx_word' id='word_1_107' title='bbox 1284 695 1449 734; x_wconf 82' lang='lat' dir='ltr'>pugnator</span> 
     </span>
     <span class='ocr_line' id='line_1_29' title="bbox 949 742 1380 782; baseline -0.007 -6"><span class='ocrx_word' id='word_1_108' title='bbox 949 744 1012 776; x_wconf 89' lang='lat' dir='ltr'>Pro</span> <span class='ocrx_word' id='word_1_109' title='bbox 1038 744 1141 775; x_wconf 84' lang='lat' dir='ltr'>salute</span> <span class='ocrx_word' id='word_1_110' title='bbox 1166 742 1380 782; x_wconf 82' lang='lat' dir='ltr'>captivorum,</span> 
     </span>
     <span class='ocr_line' id='line_1_30' title="bbox 951 788 1430 823; baseline -0.006 0"><span class='ocrx_word' id='word_1_111' title='bbox 951 792 1000 823; x_wconf 91' lang='lat' dir='ltr'>Tu</span> <span class='ocrx_word' id='word_1_112' title='bbox 1026 796 1205 823; x_wconf 89' lang='lat' dir='ltr'>nostrorum</span> <span class='ocrx_word' id='word_1_113' title='bbox 1230 788 1430 822; x_wconf 82' lang='lat' dir='ltr'>confortator</span> 
     </span>
     <span class='ocr_line' id='line_1_31' title="bbox 949 838 1366 871; baseline -0.002 0"><span class='ocrx_word' id='word_1_114' title='bbox 949 839 1012 871; x_wconf 90' lang='lat' dir='ltr'>Pro</span> <span class='ocrx_word' id='word_1_115' title='bbox 1039 839 1142 870; x_wconf 89' lang='lat' dir='ltr'>salute</span> <span class='ocrx_word' id='word_1_116' title='bbox 1167 838 1366 870; x_wconf 88' lang='lat' dir='ltr'>miserorum.</span> 
     </span>
    </p>
   </div>
   <div class='ocr_carea' id='block_1_9' title="bbox 894 932 1352 973">
    <p class='ocr_par' dir='ltr' id='par_1_11' title="bbox 894 932 1352 973">
     <span class='ocr_line' id='line_1_32' title="bbox 894 932 1352 973; baseline -0.007 -6"><span class='ocrx_word' id='word_1_117' title='bbox 894 935 924 967; x_wconf 84' lang='lat'>8.</span> <span class='ocrx_word' id='word_1_118' title='bbox 950 935 1002 967; x_wconf 90' lang='lat' dir='ltr'>Ab</span> <span class='ocrx_word' id='word_1_119' title='bbox 1028 934 1173 966; x_wconf 90' lang='lat' dir='ltr'>omnibus</span> <span class='ocrx_word' id='word_1_120' title='bbox 1199 932 1352 973; x_wconf 88' lang='lat' dir='ltr'>periculis</span> 
     </span>
    </p>
   </div>
   <div class='ocr_carea' id='block_1_10' title="bbox 950 979 1423 1205">
    <p class='ocr_par' dir='ltr' id='par_1_12' title="bbox 950 979 1423 1205">
     <span class='ocr_line' id='line_1_33' title="bbox 952 979 1396 1023; baseline -0.007 -9"><span class='ocrx_word' id='word_1_121' title='bbox 952 982 1101 1023; x_wconf 85' lang='lat' dir='ltr'>Digneris</span> <span class='ocrx_word' id='word_1_122' title='bbox 1126 990 1184 1013; x_wconf 89' lang='lat' dir='ltr'>nos</span> <span class='ocrx_word' id='word_1_123' title='bbox 1212 979 1396 1021; x_wconf 87' lang='lat' dir='ltr'>defendere,</span> 
     </span>
     <span class='ocr_line' id='line_1_34' title="bbox 950 1029 1325 1062; baseline -0.005 0"><span class='ocrx_word' id='word_1_124' title='bbox 950 1030 1003 1062; x_wconf 87' lang='lat' dir='ltr'>Ab</span> <span class='ocrx_word' id='word_1_125' title='bbox 1029 1029 1173 1061; x_wconf 87' lang='lat' dir='ltr'>omnibus</span> <span class='ocrx_word' id='word_1_126' title='bbox 1198 1029 1325 1061; x_wconf 85' lang='lat' dir='ltr'>insidiis</span> 
     </span>
     <span class='ocr_line' id='line_1_35' title="bbox 951 1078 1390 1118; baseline -0.005 -9"><span class='ocrx_word' id='word_1_127' title='bbox 951 1078 1102 1118; x_wconf 84' lang='lat' dir='ltr'>Digneris</span> <span class='ocrx_word' id='word_1_128' title='bbox 1126 1085 1184 1108; x_wconf 90' lang='lat' dir='ltr'>nos</span> <span class='ocrx_word' id='word_1_129' title='bbox 1209 1081 1390 1118; x_wconf 83' lang='lat' dir='ltr'>protegere,</span> 
     </span>
     <span class='ocr_line' id='line_1_36' title="bbox 952 1123 1423 1166; baseline -0.004 -9"><span class='ocrx_word' id='word_1_130' title='bbox 952 1124 1019 1157; x_wconf 84' lang='lat' dir='ltr'>Nos</span> <span class='ocrx_word' id='word_1_131' title='bbox 1045 1124 1136 1164; x_wconf 87' lang='lat' dir='ltr'>salvi,</span> <span class='ocrx_word' id='word_1_132' title='bbox 1163 1124 1191 1156; x_wconf 90' lang='lat' dir='ltr'>si</span> <span class='ocrx_word' id='word_1_133' title='bbox 1216 1133 1273 1156; x_wconf 88' lang='lat' dir='ltr'>nos</span> <span class='ocrx_word' id='word_1_134' title='bbox 1301 1123 1423 1166; x_wconf 81' lang='lat' dir='ltr'>dirigis,</span> 
     </span>
     <span class='ocr_line' id='line_1_37' title="bbox 953 1172 1359 1205; baseline 0.002 -1"><span class='ocrx_word' id='word_1_135' title='bbox 953 1173 1002 1204; x_wconf 88' lang='lat' dir='ltr'>Tu</span> <span class='ocrx_word' id='word_1_136' title='bbox 1026 1173 1090 1204; x_wconf 88' lang='lat' dir='ltr'>noli</span> <span class='ocrx_word' id='word_1_137' title='bbox 1116 1181 1173 1204; x_wconf 92' lang='lat' dir='ltr'>nos</span> <span class='ocrx_word' id='word_1_138' title='bbox 1201 1172 1359 1205; x_wconf 89' lang='lat' dir='ltr'>descrere.</span> 
     </span>
    </p>
   </div>
   <div class='ocr_carea' id='block_1_11' title="bbox 549 1265 1102 1356">
    <p class='ocr_par' dir='ltr' id='par_1_13' title="bbox 549 1265 1102 1356">
     <span class='ocr_line' id='line_1_38' title="bbox 549 1265 1007 1309; baseline -0.007 -8"><span class='ocrx_word' id='word_1_139' title='bbox 549 1269 580 1301; x_wconf 85' lang='lat'>9.</span> <span class='ocrx_word' id='word_1_140' title='bbox 607 1268 657 1300; x_wconf 86' lang='lat' dir='ltr'>Tu</span> <span class='ocrx_word' id='word_1_141' title='bbox 682 1265 809 1299; x_wconf 85' lang='lat' dir='ltr'>auferas</span> <span class='ocrx_word' id='word_1_142' title='bbox 837 1267 1007 1309; x_wconf 88' lang='lat' dir='ltr'>caristiam,</span> 
     </span>
     <span class='ocr_line' id='line_1_39' title="bbox 604 1315 1102 1356; baseline -0.002 -9"><span class='ocrx_word' id='word_1_143' title='bbox 604 1315 695 1347; x_wconf 88' lang='lat' dir='ltr'>Haec</span> <span class='ocrx_word' id='word_1_144' title='bbox 720 1318 886 1355; x_wconf 84' lang='lat' dir='ltr'>cessetque</span> <span class='ocrx_word' id='word_1_145' title='bbox 910 1315 1102 1356; x_wconf 84' lang='lat' dir='ltr'>mortalitas,</span> 
     </span>
    </p>
   </div>
   <div class='ocr_carea' id='block_1_12' title="bbox 605 1362 1077 1545">
    <p class='ocr_par' dir='ltr' id='par_1_14' title="bbox 605 1362 1077 1545">
     <span class='ocr_line' id='line_1_40' title="bbox 607 1362 1036 1403; baseline -0.002 -9"><span class='ocrx_word' id='word_1_146' title='bbox 607 1362 771 1394; x_wconf 86' lang='lat' dir='ltr'>Concedas</span> <span class='ocrx_word' id='word_1_147' title='bbox 796 1362 1036 1403; x_wconf 84' lang='lat' dir='ltr'>abundantiam,</span> 
     </span>
     <span class='ocr_line' id='line_1_41' title="bbox 605 1409 1074 1451; baseline 0 -10"><span class='ocrx_word' id='word_1_148' title='bbox 605 1409 695 1441; x_wconf 88' lang='lat' dir='ltr'>Haec</span> <span class='ocrx_word' id='word_1_149' title='bbox 720 1412 886 1450; x_wconf 87' lang='lat' dir='ltr'>cessetque</span> <span class='ocrx_word' id='word_1_150' title='bbox 910 1410 1074 1451; x_wconf 80' lang='lat' dir='ltr'>sterilitas,</span> 
     </span>
     <span class='ocr_line' id='line_1_42' title="bbox 605 1457 1077 1498; baseline -0.002 -9"><span class='ocrx_word' id='word_1_151' title='bbox 605 1457 752 1489; x_wconf 85' lang='lat' dir='ltr'>Redueas</span> <span class='ocrx_word' id='word_1_152' title='bbox 778 1466 836 1489; x_wconf 92' lang='lat' dir='ltr'>nos</span> <span class='ocrx_word' id='word_1_153' title='bbox 862 1458 904 1490; x_wconf 89' lang='lat' dir='ltr'>ad</span> <span class='ocrx_word' id='word_1_154' title='bbox 931 1457 1077 1498; x_wconf 81' lang='lat' dir='ltr'>gratiam,</span> 
     </span>
     <span class='ocr_line' id='line_1_43' title="bbox 606 1504 1033 1545; baseline 0.002 -9"><span class='ocrx_word' id='word_1_155' title='bbox 606 1504 654 1536; x_wconf 88' lang='lat' dir='ltr'>Sit</span> <span class='ocrx_word' id='word_1_156' title='bbox 680 1514 848 1545; x_wconf 87' lang='lat' dir='ltr'>rerumque</span> <span class='ocrx_word' id='word_1_157' title='bbox 872 1504 1033 1539; x_wconf 84' lang='lat' dir='ltr'>fertilitaS.</span> 
     </span>
    </p>
   </div>
   <div class='ocr_carea' id='block_1_13' title="bbox 272 1596 1151 1634">
    <p class='ocr_par' dir='ltr' id='par_1_15' title="bbox 272 1596 1151 1634">
     <span class='ocr_line' id='line_1_44' title="bbox 272 1596 1151 1634; baseline 0.001 -8"><span class='ocrx_word' id='word_1_158' title='bbox 272 1596 299 1633; x_wconf 89' lang='lat'>3,</span> <span class='ocrx_word' id='word_1_159' title='bbox 320 1596 338 1626; x_wconf 85' lang='lat'>2</span> <span class='ocrx_word' id='word_1_160' title='bbox 358 1599 417 1626; x_wconf 85' lang='lat' dir='ltr'>und</span> <span class='ocrx_word' id='word_1_161' title='bbox 437 1596 463 1633; x_wconf 86' lang='lat'>3,</span> <span class='ocrx_word' id='word_1_162' title='bbox 485 1596 503 1627; x_wconf 86' lang='lat'><strong>3</strong></span> <span class='ocrx_word' id='word_1_163' title='bbox 524 1599 597 1626; x_wconf 87' lang='lat' dir='ltr'>fehlt</span> <span class='ocrx_word' id='word_1_164' title='bbox 613 1599 645 1634; x_wconf 86' lang='lat' dir='ltr'>je</span> <span class='ocrx_word' id='word_1_165' title='bbox 665 1600 730 1627; x_wconf 87' lang='lat' dir='ltr'>eine</span> <span class='ocrx_word' id='word_1_166' title='bbox 751 1599 842 1627; x_wconf 84' lang='lat' dir='ltr'>Silbe.</span> <span class='ocrx_word' id='word_1_167' title='bbox 863 1615 901 1619; x_wconf 91' lang='lat'>—</span> <span class='ocrx_word' id='word_1_168' title='bbox 921 1598 947 1629; x_wconf 80' lang='grc'>6,</span> <span class='ocrx_word' id='word_1_169' title='bbox 969 1597 986 1627; x_wconf 87' lang='lat'><strong>3</strong></span> <span class='ocrx_word' id='word_1_170' title='bbox 1006 1600 1151 1628; x_wconf 85' lang='lat' dir='ltr'>homines.</span> 
     </span>
    </p>
   </div>
   <div class='ocr_carea' id='block_1_14' title="bbox 297 1747 1410 1790">
    <p class='ocr_par' dir='ltr' id='par_1_16' title="bbox 297 1747 1410 1790">
     <span class='ocr_line' id='line_1_45' title="bbox 297 1747 1410 1790; baseline 0.003 -12"><span class='ocrx_word' id='word_1_171' title='bbox 297 1748 346 1779; x_wconf 86' lang='lat'>20.</span> <span class='ocrx_word' id='word_1_172' title='bbox 387 1748 524 1787; x_wconf 81' lang='lat' dir='ltr'>Hymnus</span> <span class='ocrx_word' id='word_1_173' title='bbox 547 1747 584 1779; x_wconf 87' lang='lat' dir='ltr'>de</span> <span class='ocrx_word' id='word_1_174' title='bbox 604 1749 801 1780; x_wconf 81' lang='lat' dir='ltr'>sacramento</span> <span class='ocrx_word' id='word_1_175' title='bbox 823 1757 879 1780; x_wconf 84' lang='lat' dir='ltr'>seu</span> <span class='ocrx_word' id='word_1_176' title='bbox 900 1756 1032 1789; x_wconf 78' lang='lat' dir='ltr'>corpore</span> <span class='ocrx_word' id='word_1_177' title='bbox 1053 1749 1085 1780; x_wconf 88' lang='lat' dir='ltr'>et</span> <span class='ocrx_word' id='word_1_178' title='bbox 1107 1748 1262 1790; x_wconf 85' lang='lat' dir='ltr'>sanguine</span> <span class='ocrx_word' id='word_1_179' title='bbox 1285 1749 1410 1782; x_wconf 83' lang='lat' dir='ltr'>Christi.</span> 
     </span>
    </p>
   </div>
   <div class='ocr_carea' id='block_1_15' title="bbox 209 1838 761 2494">
    <p class='ocr_par' dir='ltr' id='par_1_17' title="bbox 209 1838 761 2265">
     <span class='ocr_line' id='line_1_46' title="bbox 209 1838 698 1882; baseline 0 -12"><span class='ocrx_word' id='word_1_180' title='bbox 209 1839 239 1871; x_wconf 86' lang='lat'>1.</span> <span class='ocrx_word' id='word_1_181' title='bbox 268 1838 292 1871; x_wconf 96' lang='lat' dir='ltr'>O</span> <span class='ocrx_word' id='word_1_182' title='bbox 318 1838 405 1870; x_wconf 85' lang='lat' dir='ltr'>Deus</span> <span class='ocrx_word' id='word_1_183' title='bbox 430 1841 463 1869; x_wconf 93' lang='lat' dir='ltr'>tu</span> <span class='ocrx_word' id='word_1_184' title='bbox 490 1839 698 1882; x_wconf 88' lang='lat' dir='ltr'>sanctissime,</span> 
     </span>
     <span class='ocr_line' id='line_1_47' title="bbox 264 1885 701 1925; baseline 0.002 -8"><span class='ocrx_word' id='word_1_185' title='bbox 264 1885 313 1917; x_wconf 89' lang='lat' dir='ltr'>Tu</span> <span class='ocrx_word' id='word_1_186' title='bbox 338 1888 423 1917; x_wconf 92' lang='lat' dir='ltr'>totus</span> <span class='ocrx_word' id='word_1_187' title='bbox 449 1895 546 1924; x_wconf 89' lang='lat' dir='ltr'>amor,</span> <span class='ocrx_word' id='word_1_188' title='bbox 575 1887 701 1925; x_wconf 87' lang='lat' dir='ltr'>caritas,</span> 
     </span>
     <span class='ocr_line' id='line_1_48' title="bbox 265 1933 697 1977; baseline 0.005 -13"><span class='ocrx_word' id='word_1_189' title='bbox 265 1933 290 1965; x_wconf 94' lang='grc' dir='ltr'>Ο</span> <span class='ocrx_word' id='word_1_190' title='bbox 316 1936 439 1977; x_wconf 87' lang='lat' dir='ltr'>potens,</span> <span class='ocrx_word' id='word_1_191' title='bbox 466 1934 697 1977; x_wconf 88' lang='lat' dir='ltr'>potentissime,</span> 
     </span>
     <span class='ocr_line' id='line_1_49' title="bbox 263 1980 698 2025; baseline 0.002 -13"><span class='ocrx_word' id='word_1_192' title='bbox 263 1980 312 2012; x_wconf 88' lang='lat' dir='ltr'>Tu</span> <span class='ocrx_word' id='word_1_193' title='bbox 335 1989 440 2020; x_wconf 84' lang='lat' dir='ltr'>verus,</span> <span class='ocrx_word' id='word_1_194' title='bbox 468 1989 544 2013; x_wconf 85' lang='lat' dir='ltr'>vera</span> <span class='ocrx_word' id='word_1_195' title='bbox 568 1982 698 2025; x_wconf 86' lang='lat' dir='ltr'>veritas,</span> 
     </span>
     <span class='ocr_line' id='line_1_50' title="bbox 264 2028 707 2072; baseline 0.007 -13"><span class='ocrx_word' id='word_1_196' title='bbox 264 2028 288 2060; x_wconf 97' lang='grc' dir='ltr'>Ο</span> <span class='ocrx_word' id='word_1_197' title='bbox 316 2028 463 2069; x_wconf 90' lang='lat' dir='ltr'>clemens,</span> <span class='ocrx_word' id='word_1_198' title='bbox 492 2029 707 2072; x_wconf 85' lang='lat' dir='ltr'>clcmtissime,</span> 
     </span>
     <span class='ocr_line' id='line_1_51' title="bbox 265 2075 709 2119; baseline 0.005 -12"><span class='ocrx_word' id='word_1_199' title='bbox 265 2075 314 2107; x_wconf 89' lang='lat' dir='ltr'>Tu</span> <span class='ocrx_word' id='word_1_200' title='bbox 338 2076 420 2119; x_wconf 88' lang='lat' dir='ltr'>pius,</span> <span class='ocrx_word' id='word_1_201' title='bbox 448 2085 571 2109; x_wconf 88' lang='lat' dir='ltr'>summa</span> <span class='ocrx_word' id='word_1_202' title='bbox 595 2077 709 2118; x_wconf 86' lang='lat' dir='ltr'>pietas,</span> 
     </span>
     <span class='ocr_line' id='line_1_52' title="bbox 264 2123 685 2166; baseline 0.005 -11"><span class='ocrx_word' id='word_1_203' title='bbox 264 2123 288 2156; x_wconf 95' lang='grc' dir='ltr'>Ο</span> <span class='ocrx_word' id='word_1_204' title='bbox 316 2124 464 2164; x_wconf 86' lang='lat' dir='ltr'>clareque</span> <span class='ocrx_word' id='word_1_205' title='bbox 489 2125 685 2166; x_wconf 80' lang='lat' dir='ltr'>clarissime3</span> 
     </span>
     <span class='ocr_line' id='line_1_53' title="bbox 262 2171 761 2218; baseline 0.006 -15"><span class='ocrx_word' id='word_1_206' title='bbox 262 2171 311 2203; x_wconf 88' lang='lat' dir='ltr'>Tu</span> <span class='ocrx_word' id='word_1_207' title='bbox 335 2171 451 2212; x_wconf 90' lang='lat' dir='ltr'>lumen,</span> <span class='ocrx_word' id='word_1_208' title='bbox 478 2173 595 2213; x_wconf 84' lang='lat' dir='ltr'>luxque</span> <span class='ocrx_word' id='word_1_209' title='bbox 621 2173 761 2218; x_wconf 84' lang='lat' dir='ltr'>claritas,</span> 
     </span>
     <span class='ocr_line' id='line_1_54' title="bbox 262 2219 619 2265; baseline 0.006 -14"><span class='ocrx_word' id='word_1_210' title='bbox 262 2219 286 2252; x_wconf 94' lang='lat' dir='ltr'>O</span> <span class='ocrx_word' id='word_1_211' title='bbox 312 2219 467 2252; x_wconf 85' lang='lat' dir='ltr'>liberator</span> <span class='ocrx_word' id='word_1_212' title='bbox 492 2221 619 2265; x_wconf 88' lang='lat' dir='ltr'>optimc,</span> 
     </span>
    </p>

    <p class='ocr_par' dir='ltr' id='par_1_18' title="bbox 261 2268 691 2494">
     <span class='ocr_line' id='line_1_55' title="bbox 262 2268 691 2312; baseline 0.007 -13"><span class='ocrx_word' id='word_1_213' title='bbox 262 2268 312 2300; x_wconf 88' lang='lat' dir='ltr'>Tu</span> <span class='ocrx_word' id='word_1_214' title='bbox 338 2276 371 2299; x_wconf 94' lang='lat' dir='ltr'>es</span> <span class='ocrx_word' id='word_1_215' title='bbox 396 2268 532 2311; x_wconf 82' lang='lat' dir='ltr'>medela,</span> <span class='ocrx_word' id='word_1_216' title='bbox 559 2269 691 2312; x_wconf 85' lang='lat' dir='ltr'>sanitas,</span> 
     </span>
     <span class='ocr_line' id='line_1_56' title="bbox 263 2315 679 2362; baseline 0.005 -14"><span class='ocrx_word' id='word_1_217' title='bbox 263 2315 287 2348; x_wconf 94' lang='lat' dir='ltr'>O</span> <span class='ocrx_word' id='word_1_218' title='bbox 313 2315 465 2358; x_wconf 85' lang='lat' dir='ltr'>largeque</span> <span class='ocrx_word' id='word_1_219' title='bbox 488 2317 679 2362; x_wconf 88' lang='lat' dir='ltr'>largissime,</span> 
     </span>
     <span class='ocr_line' id='line_1_57' title="bbox 262 2363 649 2406; baseline 0.008 -12"><span class='ocrx_word' id='word_1_220' title='bbox 262 2363 310 2395; x_wconf 86' lang='lat' dir='ltr'>Tu</span> <span class='ocrx_word' id='word_1_221' title='bbox 336 2363 479 2397; x_wconf 87' lang='lat' dir='ltr'>liberalis</span> <span class='ocrx_word' id='word_1_222' title='bbox 504 2364 649 2406; x_wconf 79' lang='lat' dir='ltr'>largitas,</span> 
     </span>
     <span class='ocr_line' id='line_1_58' title="bbox 262 2411 632 2455; baseline 0.003 -11"><span class='ocrx_word' id='word_1_223' title='bbox 262 2411 286 2444; x_wconf 96' lang='lat' dir='ltr'>O</span> <span class='ocrx_word' id='word_1_224' title='bbox 313 2411 399 2444; x_wconf 88' lang='lat' dir='ltr'>Deus</span> <span class='ocrx_word' id='word_1_225' title='bbox 425 2412 632 2455; x_wconf 85' lang='lat' dir='ltr'>nobilissime,</span> 
     </span>
     <span class='ocr_line' id='line_1_59' title="bbox 261 2459 684 2494; baseline 0.002 -3"><span class='ocrx_word' id='word_1_226' title='bbox 261 2459 390 2492; x_wconf 86' lang='lat' dir='ltr'>Amoris</span> <span class='ocrx_word' id='word_1_227' title='bbox 418 2470 451 2493; x_wconf 85' lang='lat' dir='ltr'>es</span> <span class='ocrx_word' id='word_1_228' title='bbox 476 2461 684 2494; x_wconf 85' lang='lat' dir='ltr'>immensitas.</span> 
     </span>
    </p>
   </div>
   <div class='ocr_carea' id='block_1_16' title="bbox 891 1839 1322 1881">
    <p class='ocr_par' dir='ltr' id='par_1_19' title="bbox 891 1839 1322 1881">
     <span class='ocr_line' id='line_1_60' title="bbox 891 1839 1322 1881; baseline 0.002 -9"><span class='ocrx_word' id='word_1_229' title='bbox 891 1841 923 1872; x_wconf 81' lang='lat'>2.</span> <span class='ocrx_word' id='word_1_230' title='bbox 950 1839 1070 1872; x_wconf 89' lang='lat' dir='ltr'>Misisti</span> <span class='ocrx_word' id='word_1_231' title='bbox 1095 1843 1185 1872; x_wconf 89' lang='lat' dir='ltr'>tuum</span> <span class='ocrx_word' id='word_1_232' title='bbox 1210 1839 1322 1881; x_wconf 89' lang='lat' dir='ltr'>filium,</span> 
     </span>
    </p>
   </div>
   <div class='ocr_carea' id='block_1_17' title="bbox 949 1887 1518 2505">
    <p class='ocr_par' dir='ltr' id='par_1_20' title="bbox 950 1887 1518 2077">
     <span class='ocr_line' id='line_1_61' title="bbox 952 1887 1518 1933; baseline 0.005 -14"><span class='ocrx_word' id='word_1_233' title='bbox 952 1887 1034 1919; x_wconf 87' lang='lat' dir='ltr'>Nam</span> <span class='ocrx_word' id='word_1_234' title='bbox 1071 1888 1110 1920; x_wconf 91' lang='lat' dir='ltr'>de</span> <span class='ocrx_word' id='word_1_235' title='bbox 1137 1889 1225 1920; x_wconf 88' lang='lat' dir='ltr'>caelo</span> <span class='ocrx_word' id='word_1_236' title='bbox 1251 1889 1306 1929; x_wconf 89' lang='lat' dir='ltr'>qui</span> <span class='ocrx_word' id='word_1_237' title='bbox 1333 1890 1518 1933; x_wconf 69' lang='lat' dir='ltr'>deseendit⁷</span> 
     </span>
     <span class='ocr_line' id='line_1_62' title="bbox 950 1935 1438 1981; baseline 0.004 -14"><span class='ocrx_word' id='word_1_238' title='bbox 950 1935 1119 1979; x_wconf 81' lang='lat' dir='ltr'>Radicem,</span> <span class='ocrx_word' id='word_1_239' title='bbox 1146 1935 1296 1980; x_wconf 86' lang='lat' dir='ltr'>fructum,</span> <span class='ocrx_word' id='word_1_240' title='bbox 1325 1938 1438 1981; x_wconf 90' lang='lat' dir='ltr'>lilium,</span> 
     </span>
     <span class='ocr_line' id='line_1_63' title="bbox 952 1983 1515 2027; baseline 0.004 -11"><span class='ocrx_word' id='word_1_241' title='bbox 952 1983 1088 2016; x_wconf 86' lang='lat' dir='ltr'>Carnem</span> <span class='ocrx_word' id='word_1_242' title='bbox 1114 1987 1257 2016; x_wconf 87' lang='lat' dir='ltr'>nostram</span> <span class='ocrx_word' id='word_1_243' title='bbox 1282 1985 1333 2017; x_wconf 88' lang='lat' dir='ltr'>hic</span> <span class='ocrx_word' id='word_1_244' title='bbox 1350 1986 1515 2027; x_wconf 79' lang='lat' dir='ltr'>suscepit;</span> 
     </span>
     <span class='ocr_line' id='line_1_64' title="bbox 950 2031 1432 2077; baseline 0.006 -14"><span class='ocrx_word' id='word_1_245' title='bbox 950 2031 1143 2073; x_wconf 89' lang='lat' dir='ltr'>Absumpsit</span> <span class='ocrx_word' id='word_1_246' title='bbox 1168 2032 1239 2073; x_wconf 89' lang='lat' dir='ltr'>ipse</span> <span class='ocrx_word' id='word_1_247' title='bbox 1262 2034 1432 2077; x_wconf 89' lang='lat' dir='ltr'>proelium,</span> 
     </span>
    </p>

    <p class='ocr_par' dir='ltr' id='par_1_21' title="bbox 949 2078 1465 2364">
     <span class='ocr_line' id='line_1_65' title="bbox 950 2078 1445 2122; baseline 0.006 -11"><span class='ocrx_word' id='word_1_248' title='bbox 950 2078 991 2111; x_wconf 89' lang='lat' dir='ltr'>Se</span> <span class='ocrx_word' id='word_1_249' title='bbox 1016 2080 1144 2120; x_wconf 88' lang='lat' dir='ltr'>quidem</span> <span class='ocrx_word' id='word_1_250' title='bbox 1171 2082 1267 2113; x_wconf 91' lang='lat' dir='ltr'>morti</span> <span class='ocrx_word' id='word_1_251' title='bbox 1293 2083 1445 2122; x_wconf 86' lang='lat' dir='ltr'>praebuit.</span> 
     </span>
     <span class='ocr_line' id='line_1_66' title="bbox 950 2127 1399 2168; baseline 0.007 -9"><span class='ocrx_word' id='word_1_252' title='bbox 950 2127 1018 2160; x_wconf 82' lang='lat' dir='ltr'>Iam</span> <span class='ocrx_word' id='word_1_253' title='bbox 1044 2137 1104 2168; x_wconf 88' lang='lat' dir='ltr'>pro</span> <span class='ocrx_word' id='word_1_254' title='bbox 1130 2129 1234 2161; x_wconf 91' lang='lat' dir='ltr'>salute</span> <span class='ocrx_word' id='word_1_255' title='bbox 1258 2131 1399 2162; x_wconf 90' lang='lat' dir='ltr'>omnium</span> 
     </span>
     <span class='ocr_line' id='line_1_67' title="bbox 952 2175 1437 2222; baseline 0.008 -15"><span class='ocrx_word' id='word_1_256' title='bbox 952 2175 1083 2216; x_wconf 88' lang='lat' dir='ltr'>Nosque</span> <span class='ocrx_word' id='word_1_257' title='bbox 1107 2178 1263 2218; x_wconf 85' lang='lat' dir='ltr'>sanguine</span> <span class='ocrx_word' id='word_1_258' title='bbox 1287 2179 1437 2222; x_wconf 87' lang='lat' dir='ltr'>redemit,</span> 
     </span>
     <span class='ocr_line' id='line_1_68' title="bbox 950 2223 1459 2270; baseline 0.006 -14"><span class='ocrx_word' id='word_1_259' title='bbox 950 2223 1094 2256; x_wconf 83' lang='lat' dir='ltr'>Reduxit</span> <span class='ocrx_word' id='word_1_260' title='bbox 1116 2234 1174 2257; x_wconf 89' lang='lat' dir='ltr'>nos</span> <span class='ocrx_word' id='word_1_261' title='bbox 1200 2226 1242 2258; x_wconf 92' lang='lat' dir='ltr'>ad</span> <span class='ocrx_word' id='word_1_262' title='bbox 1269 2227 1459 2270; x_wconf 89' lang='lat' dir='ltr'>praemium,</span> 
     </span>
     <span class='ocr_line' id='line_1_69' title="bbox 949 2272 1465 2317; baseline 0.01 -14"><span class='ocrx_word' id='word_1_263' title='bbox 949 2272 981 2304; x_wconf 90' lang='lat' dir='ltr'>A</span> <span class='ocrx_word' id='word_1_264' title='bbox 1005 2281 1065 2313; x_wconf 91' lang='lat' dir='ltr'>quo</span> <span class='ocrx_word' id='word_1_265' title='bbox 1093 2273 1227 2306; x_wconf 91' lang='lat' dir='ltr'>daemon</span> <span class='ocrx_word' id='word_1_266' title='bbox 1253 2284 1311 2306; x_wconf 89' lang='lat' dir='ltr'>nos</span> <span class='ocrx_word' id='word_1_267' title='bbox 1339 2275 1465 2317; x_wconf 82' lang='lat' dir='ltr'>deiecit,</span> 
     </span>
     <span class='ocr_line' id='line_1_70' title="bbox 952 2320 1382 2364; baseline 0.007 -11"><span class='ocrx_word' id='word_1_268' title='bbox 952 2320 1087 2353; x_wconf 84' lang='lat' dir='ltr'>Paravit</span> <span class='ocrx_word' id='word_1_269' title='bbox 1111 2321 1165 2353; x_wconf 87' lang='lat' dir='ltr'>hie</span> <span class='ocrx_word' id='word_1_270' title='bbox 1191 2323 1382 2364; x_wconf 82' lang='lat' dir='ltr'>convivium,</span> 
     </span>
    </p>

    <p class='ocr_par' dir='ltr' id='par_1_22' title="bbox 952 2368 1451 2461">
     <span class='ocr_line' id='line_1_71' title="bbox 952 2368 1451 2413; baseline 0.01 -14"><span class='ocrx_word' id='word_1_271' title='bbox 952 2368 991 2400; x_wconf 90' lang='lat' dir='ltr'>In</span> <span class='ocrx_word' id='word_1_272' title='bbox 1017 2377 1078 2408; x_wconf 91' lang='lat' dir='ltr'>quo</span> <span class='ocrx_word' id='word_1_273' title='bbox 1105 2373 1215 2402; x_wconf 87' lang='lat' dir='ltr'>sancte</span> <span class='ocrx_word' id='word_1_274' title='bbox 1240 2380 1299 2403; x_wconf 90' lang='lat' dir='ltr'>nos</span> <span class='ocrx_word' id='word_1_275' title='bbox 1324 2371 1451 2413; x_wconf 88' lang='lat' dir='ltr'>refecit,</span> 
     </span>
     <span class='ocr_line' id='line_1_72' title="bbox 952 2416 1349 2461; baseline 0.008 -13"><span class='ocrx_word' id='word_1_276' title='bbox 952 2416 992 2448; x_wconf 87' lang='lat' dir='ltr'>Id</span> <span class='ocrx_word' id='word_1_277' title='bbox 1018 2416 1111 2448; x_wconf 89' lang='lat' dir='ltr'>nobis</span> <span class='ocrx_word' id='word_1_278' title='bbox 1136 2417 1349 2461; x_wconf 88' lang='lat' dir='ltr'>salutiferum,</span> 
     </span>
    </p>

    <p class='ocr_par' dir='ltr' id='par_1_23' title="bbox 954 2463 1486 2505">
     <span class='ocr_line' id='line_1_73' title="bbox 954 2463 1486 2505; baseline 0.009 -10"><span class='ocrx_word' id='word_1_279' title='bbox 954 2463 1045 2502; x_wconf 81' lang='lat' dir='ltr'>Quod</span> <span class='ocrx_word' id='word_1_280' title='bbox 1070 2464 1252 2505; x_wconf 82' lang='lat' dir='ltr'>perfeetum</span> <span class='ocrx_word' id='word_1_281' title='bbox 1277 2467 1365 2499; x_wconf 90' lang='lat' dir='ltr'>Deus</span> <span class='ocrx_word' id='word_1_282' title='bbox 1392 2467 1486 2502; x_wconf 74' lang='lat' dir='ltr'>fecit.</span> 
     </span>
    </p>
   </div>
  </div>
 </body>
</html>
