1651 2700
717 149 979 186 —204—

228 271 234 277 .
263 242 337 276 Tibi
363 245 438 277 dedi
463 245 628 287 rationem,

262 291 308 324 Ut
333 292 468 324 haberes
493 293 701 335 intellectum,

261 339 335 371 Tibi
361 340 436 372 dedi
460 340 631 383 notionem,

262 387 308 420 Ut
331 387 466 419 haberes
492 396 618 420 sensum
644 392 775 430 rectum,

258 434 332 466 Tibi
360 435 436 467 dedi
459 436 649 480 portionem,

258 482 303 514 Ut
327 482 462 515 haberes
487 486 523 515 tu
549 483 704 517 effectum.

225 578 230 584 .
258 553 362 586 Exam
391 555 466 587 dedi
491 555 550 587 tibi
578 556 675 596 carni,

257 601 367 634 Vitam
394 603 513 634 saeculi
539 602 657 646 futuri3

259 649 341 688 Quid
368 650 489 681 resistis
514 651 592 682 mihi
617 651 756 692 grandi?

254 696 404 728 Meruisti
425 700 460 728 tu
483 707 684 739 pressuram3

257 743 339 782 Quid
367 747 402 775 tu
424 744 505 776 iram
526 745 586 777 Dei
613 748 718 787 magni

254 790 372 822 Incitas
397 791 430 822 in
455 795 488 823 te
512 797 702 825 venturam?

223 887 229 894 .
257 861 304 893 Te
328 861 447 893 virtute
474 863 622 895 decoravi

251 909 320 941 Iam
342 909 435 941 nimis
461 912 494 941 te
518 910 735 953 magnificanS,

252 956 327 987 Tibi
350 957 503 989 mundum
524 959 674 1000 irrogavi,

253 1004 299 1036 Ut,
323 1012 408 1035 esses
434 1008 469 1036 tu
495 1007 741 1049 praemeditans,

251 1050 296 1082 Et
320 1050 448 1083 effectus
475 1053 580 1085 cordis
606 1055 699 1093 pravi

251 1097 323 1129 Non
348 1098 430 1130 bene
454 1102 489 1131 tu
515 1100 548 1132 di
572 1101 729 1135 iudicans

220 1194 226 1200 .
253 1168 300 1200 Te
324 1178 421 1208 super
444 1179 515 1202 mea
539 1180 638 1210 opera

247 1216 315 1247 Iam
339 1215 412 1259 feci,
437 1226 518 1256 quae
544 1220 701 1261 constitui,

248 1263 298 1294 Tu
321 1273 419 1303 negas
444 1265 522 1296 mihi
547 1275 689 1308 munera,

250 1310 332 1342 Nam
357 1311 417 1343 hoc
442 1321 461 1343 a
487 1315 519 1343 te
542 1322 605 1345 non
631 1320 743 1358 merui,

249 1358 298 1389 Tu
321 1358 416 1398 pellis
442 1368 513 1391 mea
536 1369 650 1401 onera3

248 1405 331 1444 Quid
357 1406 445 1445 cupis
471 1416 552 1438 vane
577 1409 720 1449 corripi?

216 1503 222 1509 .
248 1476 316 1507 Iam
339 1485 398 1516 pro
424 1478 518 1509 melle
537 1481 571 1510 tu
598 1488 753 1513 venenum

249 1523 332 1555 Nam
357 1524 436 1555 mihi
460 1525 582 1566 reddis,
609 1528 733 1569 tribuis,

249 1570 320 1602 Non
347 1580 444 1604 suave
468 1581 528 1604 nec
553 1583 727 1619 amoenum,

247 1617 324 1650 Cum
349 1619 428 1651 mihi
452 1620 521 1653 Deo
547 1623 695 1663 porrigis,

246 1665 292 1697 Te
316 1666 435 1699 virtute
458 1667 519 1700 feci
545 1670 683 1711 plenum,

248 1712 434 1753 Considera,
462 1717 547 1755 quod
574 1716 693 1751 deficis.

212 1809 216 1815 .
245 1784 327 1824 Quid
360 1781 423 1829 [tu]
451 1796 618 1826 permanes
643 1790 797 1833 ingratus,

243 1832 325 1870 Quid
351 1831 416 1865 fers
442 1834 729 1874 ingratitudinem:

244 1879 293 1911 Sis
318 1883 353 1911 tu
378 1881 457 1913 mihi
478 1882 547 1915 Deo
573 1888 682 1923 gratus

243 1927 288 1959 Et
311 1927 385 1960 vide
409 1931 669 1975 magnitudinem,

240 1975 339 2017 Audi,
370 1976 414 2008 sis
439 1977 622 2011 humiliatus

240 2022 285 2054 Et
308 2032 379 2055 ama
405 2025 638 2059 rectitudinem.

908 249 939 282 9.

884 558 939 592 10.

881 867 936 900 11.

879 1176 933 1210 12.

874 1485 929 1518 13.

871 1794 927 1827 14.

964 248 1019 281 Ad
1044 249 1147 281 Deum
1172 249 1245 282 leva
1269 250 1378 282 oculos

967 296 1013 328 Et
1036 306 1114 338 roga
1138 305 1199 338 me,
1227 306 1295 329 sum
1321 298 1487 340 Dominus,

969 344 1132 377 Caelestes
1157 353 1258 385 pensa
1283 346 1419 378 circulos

967 392 1013 424 Et
1036 393 1120 432 vide,
1147 402 1217 425 sum
1243 394 1428 433 altissimus,

967 439 1125 481 Dispergo
1150 450 1238 473 meos
1263 442 1404 474 aemulos

965 487 1011 519 Et
1034 488 1120 520 mitis
1145 498 1214 520 sum
1236 489 1419 522 humilibus.

968 559 1043 598 Quis
1068 562 1177 600 potest
1201 569 1236 592 se
1260 561 1470 603 abscondere,

965 607 1062 647 Quem
1073 617 1135 640 non
1146 617 1342 651 cognoscam,
1350 608 1500 641 videam?

966 655 1042 694 Quis
1067 659 1175 695 potest
1199 665 1234 688 se
1261 655 1446 697 defendere,

965 701 1015 734 Ne
1039 703 1207 736 vendicem
1232 703 1406 736 iniuriam?

965 749 1041 788 Quis
1063 754 1171 790 potest
1188 752 1310 784 caelum
1327 753 1495 797 scandere,

964 796 997 829 Si
1023 807 1085 830 non
1110 802 1251 831 meretur
1277 799 1428 832 veniam?

961 868 1015 900 Ad
1042 868 1144 901 Deum
1169 873 1258 902 tuum
1282 872 1407 914 redeas,

962 915 1011 947 Tu
1038 917 1151 959 cogita,
1179 919 1357 958 considera,

963 963 1141 1003 Praecepta
1165 975 1235 998 mea
1260 967 1405 1006 impleas,

961 1010 1017 1042 Me
1041 1012 1138 1044 lauda
1164 1014 1271 1056 corde,
1300 1014 1432 1057 cithara,

961 1059 1031 1090 Tua
1055 1063 1189 1099 peccata
1216 1060 1342 1105 defleas,

962 1104 996 1137 Si
1022 1106 1069 1138 vis
1097 1108 1198 1140 vitare
1221 1109 1365 1143 vulnera.

961 1176 995 1208 Si
1018 1177 1121 1209 Deum
1147 1187 1198 1210 me
1222 1189 1285 1212 non
1310 1181 1464 1224 sequeris,

960 1224 1091 1257 Videris
1118 1229 1230 1258 contra
1253 1236 1398 1271 pergere,

959 1271 993 1302 Si
1018 1281 1142 1304 mecum
1167 1283 1230 1306 non
1256 1278 1290 1306 tu
1317 1276 1452 1318 colligis,

959 1319 1087 1351 Videris
1112 1322 1147 1352 tu
1173 1321 1367 1363 dispergere,

958 1366 1039 1398 Nam
1065 1368 1093 1398 si
1118 1377 1169 1400 me
1193 1369 1298 1407 times,
1327 1371 1446 1412 diligis,

956 1415 1006 1446 Tu
1031 1415 1121 1454 cupis
1146 1416 1242 1458 longe
1267 1418 1390 1451 vivere.

957 1485 990 1517 Si
1014 1495 1065 1517 me
1092 1486 1193 1518 Deum
1217 1488 1393 1533 invocabis,

956 1534 1019 1565 Pro
1046 1537 1132 1566 certo
1158 1538 1191 1566 te
1214 1545 1278 1568 non
1306 1537 1462 1576 deseram,

956 1580 990 1612 Si
1015 1581 1056 1613 ad
1082 1585 1207 1622 portam
1233 1586 1268 1615 tu
1294 1586 1448 1630 pulsabis,

955 1628 1028 1660 Non
1055 1629 1218 1672 claudam,
1250 1633 1306 1664 sed
1333 1636 1488 1678 aperiam,

955 1675 990 1707 Si
1014 1685 1066 1708 me
1090 1677 1192 1709 Deum
1219 1681 1254 1710 tu
1280 1681 1419 1722 rogabis,

953 1724 984 1755 A
1009 1725 1093 1756 malo
1118 1729 1150 1756 te
1175 1727 1319 1767 eripiam.

952 1795 1073 1827 Lucem
1100 1797 1245 1838 donoque
1272 1800 1423 1833 virtutem

952 1843 998 1875 Et
1022 1844 1205 1878 obsecundo
1231 1848 1368 1889 salvare,

954 1891 1058 1923 Vitam
1087 1893 1233 1934 donoque
1259 1896 1408 1940 quietem,

951 1939 1024 1970 Non
1042 1940 1171 1980 impono
1191 1943 1364 1984 quidquam
1378 1955 1486 1989 grave,

951 1986 1063 2027 Iugum
1090 1998 1194 2021 meum
1221 1991 1261 2023 do
1287 2001 1385 2025 suave

953 2033 1081 2067 Cunctis
1109 2037 1255 2078 donoque
1280 2041 1427 2077 salutem.

609 2124 658 2156 30.
701 2124 784 2160 Dicit
802 2127 883 2160 Deus
904 2129 1033 2163 homini.

202 2214 210 2222 .
237 2190 318 2229 Quid
346 2192 473 2226 derides
498 2196 647 2228 caelestia

236 2239 298 2271 Pro
323 2240 413 2272 vanis
439 2244 679 2287 temporalibus,

235 2286 319 2326 Quid
348 2289 442 2327 pellis
470 2291 629 2324 durabilia

236 2334 297 2366 Pro
322 2337 474 2377 vanisque
498 2338 649 2372 labilibus
659 2343 675 2371 'r

231 2382 280 2414 Tu
306 2392 438 2423 quaeras
465 2395 587 2420 summa
611 2389 730 2429 gaudia

234 2429 401 2463 Recedens
426 2442 444 2465 a
469 2436 688 2470 terrestribus.

866 2202 898 2234 2.

924 2202 1006 2242 Quid
1033 2203 1149 2239 fundas
1176 2207 1209 2240 in
1234 2211 1472 2253 praesentibus,

924 2250 989 2283 Cur
1015 2252 1048 2284 in
1073 2253 1202 2288 homine
1227 2257 1387 2290 confidis?

923 2298 1007 2331 Nam
1031 2310 1114 2334 vana
1136 2303 1170 2335 in
1198 2304 1377 2339 hominibus

923 2347 1032 2380 Omnis
1058 2349 1152 2383 homo
1175 2352 1288 2394 lutum,
1317 2355 1407 2399 cinis,

922 2395 1110 2430 Adhaereas
1137 2401 1342 2445 caelestibus,

920 2443 986 2476 Ubi
1011 2444 1090 2478 felix
1115 2449 1188 2480 tuus
1214 2448 1298 2484 finis.
