1651 2700
700 148 744 153 -—
796 129 864 165 155
914 151 962 156 —-

176 218 208 251 3.
234 219 316 262 Ave,
345 220 399 260 qui
424 229 484 260 per
508 220 642 254 fluidam
871 230 903 261 4.
930 229 1013 272 Ave,
1039 228 1157 262 florens
1179 231 1283 262 lilium

282 267 410 307 Aquam
438 269 536 301 ductu
561 270 624 302 Dei
979 277 1078 310 Verbi
1105 279 1254 318 veritate,

233 314 368 347 Transis
395 325 453 349 ceu
477 326 536 357 per
562 319 698 360 aridam,
928 324 1107 366 Exemplar
1132 326 1298 359 humilium

281 362 383 396 Pater
408 374 499 397 meae
524 366 604 407 spei,
977 373 1072 405 Vitae
1098 375 1256 414 claritate,

231 410 340 443 Meam
366 416 507 445 mentem
526 414 706 447 morbidam
929 420 1063 463 Porrige
1088 422 1268 455 subsidium

283 458 388 492 Sorde
413 462 519 494 malae
545 462 591 494 rei
978 469 1089 501 Precis
1115 472 1295 514 sanctitate,

231 507 334 539 Prece
360 509 464 541 redde
488 508 635 543 floridam
933 515 1056 556 Sequar
1079 519 1117 549 ut
1140 521 1173 549 te
1198 520 1365 558 praevium

279 555 469 589 Miserendo
495 558 568 591 mei.
975 564 1104 596 Morum
1130 567 1301 605 gravitate.

563 628 594 660 5.
618 627 705 669 Ave,
730 629 838 660 terrae
861 630 981 669 gremio

668 675 742 707 Non
770 676 878 709 celans
903 678 1071 718 talentum,

619 722 684 755 Sed
713 724 829 757 devoto
854 726 961 758 studio

667 771 773 804 Lucra
798 775 933 813 portans
957 777 1093 818 centum,

618 819 687 851 Tuo
713 820 893 860 patrocinio

664 867 781 900 Mundi
806 868 937 902 vincens
963 875 1093 902 ventum

625 914 763 948 Subeam
791 926 862 948 cum
887 918 1005 958 gaudio

668 963 829 996 Caelicum
857 969 1058 999 conventum.

231 1015 258 1042 A
281 1016 330 1044 fol.
355 1015 390 1044 11
402 1018 430 1045 b.

613 1093 660 1124 83.
703 1094 744 1125 De
765 1096 878 1126 sancta
899 1095 1023 1127 Ursula.

167 1160 197 1193 1.
225 1161 307 1202 Ave,
336 1161 426 1202 virgo
450 1162 568 1195 Ursula
861 1167 892 1200 3.
919 1167 1001 1208 Ave,
1028 1167 1140 1198 mundi
1167 1168 1275 1200 dulcia

274 1208 410 1242 Generis
436 1210 566 1251 regalis,
968 1214 1055 1253 Quae
1078 1216 1319 1258 aspernabaris,

224 1256 299 1289 Non
324 1259 357 1288 te
383 1258 489 1289 carnis
515 1259 642 1291 macula
916 1261 1005 1294 Iuste
1032 1263 1258 1303 tympanistria

271 1304 393 1337 Fuscat
418 1306 577 1350 aliqualis,
965 1310 1052 1350 Agni
1077 1312 1286 1353 nuncuparis,

222 1353 260 1385 In
287 1355 324 1385 te
346 1353 555 1387 tabernacula
919 1358 1049 1391 Christo
1074 1359 1176 1390 multa
1203 1359 1293 1391 milia

274 1401 431 1441 Princeps
456 1402 595 1435 illocalis
966 1406 1149 1446 Martyrum
1174 1407 1325 1446 lucrariS,

219 1448 310 1481 Fixit
334 1450 495 1491 praebens
521 1452 631 1484 oscula
917 1453 995 1486 Cum
1023 1454 1138 1495 quibus
1163 1454 1197 1486 in
1224 1455 1314 1487 curia

272 1496 391 1538 Sponsi
416 1498 584 1538 spiritalis.
966 1501 1054 1535 Caeli
1080 1502 1240 1543 gloriaris.

161 1566 193 1597 2.
221 1565 302 1602 Ave,
330 1566 527 1609 primiceria,
856 1570 887 1601 4.
915 1570 996 1608 Ave,
1025 1579 1109 1611 ecce,
1136 1570 1267 1602 sceleris

268 1614 523 1646 Victoriosarum
963 1618 1020 1649 Me
1045 1618 1147 1651 laedit
1169 1618 1318 1659 ligamen,

220 1661 267 1693 Te
291 1662 421 1693 undena
445 1663 537 1695 milia
918 1665 1015 1698 Cuius
1042 1675 1167 1707 quoque
1191 1667 1349 1706 ponderis

269 1709 394 1742 Ornant
418 1710 612 1751 puellarum,
967 1714 1132 1754 Oppi-imit
1156 1723 1342 1755 gravamen,

216 1756 291 1789 Tibi
313 1766 374 1799 per
399 1759 555 1800 martyria
917 1762 1097 1795 Praecurre
1122 1771 1202 1803 prae
1226 1763 1343 1795 ceteris

267 1805 331 1837 Tot
351 1806 480 1847 quidem
507 1811 692 1840 sanctarum
964 1811 1020 1843 Ad
1047 1820 1152 1843 meum
1178 1812 1339 1853 iuvamen‚

217 1854 461 1894 Frequentatur
485 1855 588 1896 gloria
917 1858 1040 1892 Contra
1061 1860 1129 1892 tela
1153 1860 1275 1893 veteris

266 1902 331 1934 Per
357 1903 468 1935 orbem
495 1907 666 1938 terrarum.
960 1908 1072 1940 Hostis
1099 1908 1142 1940 sis
1168 1910 1324 1942 tutamen.

548 1973 579 2006 5.
606 1972 689 2014 Ave,
714 1972 765 2005 his
791 1974 993 2014 temporibus

652 2021 740 2060 Quae
765 2022 871 2064 surgis
897 2025 934 2055 ut
960 2024 1066 2064 stella,

602 2070 788 2103 Occidentis
813 2071 965 2111 partibus

650 2118 797 2151 Patrona
822 2120 963 2160 novella,

595 2166 673 2198 Tuis
698 2167 761 2207 piis
787 2168 939 2207 precibus

649 2215 768 2247 Mortis
796 2214 872 2257 fuga
899 2215 989 2257 fella,

601 2263 657 2295 Me
680 2263 777 2304 iunge
802 2264 1006 2307 caelestibuS,

648 2312 672 2345 O
702 2312 806 2344 dulcis
832 2313 953 2353 puella.

207 2377 234 2404 A
261 2378 312 2405 fol.
336 2375 414 2406 801).
442 2393 479 2397 -
513 2377 536 2405 C
562 2377 612 2406 fol.
640 2375 697 2405 248
708 2386 734 2406 a.
763 2392 801 2397 —-
833 2377 890 2406 cfr.
912 2379 998 2406 Anal.
1020 2379 1081 2412 III,
1112 2377 1174 2406 197.
1196 2395 1235 2399 —
1262 2378 1297 2415 5,
1326 2378 1401 2408 1-4
1427 2382 1478 2410 be-

130 2415 215 2444 zieht
233 2416 298 2443 sich
317 2416 471 2444 vielleicht
491 2417 545 2444 auf
562 2417 611 2444 die
630 2416 793 2450 Tatsache,
822 2417 886 2444 dass
908 2418 948 2444 im
972 2414 1016 2445 13.
1030 2417 1235 2446 Jahrhundert
1257 2418 1305 2446 die
1319 2418 1477 2448 Sorbonne

128 2454 244 2483 Ursula
264 2463 317 2482 zur
336 2455 483 2483 Patronin
504 2456 655 2484 erwiihlte.
