1651 2700
685 143 946 178 —153—

589 253 635 284 79.
677 254 720 285 De
742 254 851 287 saneto
872 256 1047 288 Thaddaeo.

162 319 194 352 1.
220 320 303 361 Ave,
331 321 426 354 huius
452 323 583 365 saeculi,

270 368 461 413 Thaddaee,
489 371 631 411 lucerna,

225 417 287 456 Qui
313 426 369 449 cor
397 418 470 450 duri
495 420 608 460 populi

270 464 383 498 Mollis
410 466 453 498 ad
478 476 629 508 superna,

220 512 348 545 Memor
373 514 421 545 tui
448 513 561 547 famuli

268 560 382 593 Mente
408 563 452 594 sis
478 565 624 603 paterna,

217 608 285 640 Mei
313 613 448 641 cernant
473 611 557 643 oculi

272 656 401 690 Gaudia
426 661 568 691 aeterna.

160 724 192 756 2.
219 724 301 768 Ave,
330 725 429 757 vitam
458 729 584 758 mortuo

266 773 328 813 Qui
353 773 465 806 reddis
493 774 654 816 decenter,

219 821 359 853 Precatu
384 822 536 855 continuo

268 869 325 901 Me
348 870 424 902 iuva
449 871 605 915 volenter,

218 917 266 950 Ut
291 917 332 949 ab
359 921 434 950 actu
461 917 550 951 fatuo

269 965 447 1006 Resurgam
475 969 624 999 recenter

217 1013 263 1045 Et
287 1023 349 1045 non
378 1014 493 1046 cadam
517 1015 620 1047 denuo

264 1061 317 1092 Ad
345 1062 463 1093 malum
489 1065 653 1097 nocenter.

859 328 890 360 3.
918 328 998 367 Ave,
1027 328 1081 368 qui
1108 328 1258 368 operibus

964 376 1011 407 Te
1036 376 1099 416 piis
1127 377 1184 409 das
1210 380 1351 417 gratum,

917 423 995 455 Tuis
1021 433 1139 456 sanans
1163 425 1314 464 precibus

965 471 1075 511 Lepra
1100 472 1314 514 vulneratum,

916 517 1002 550 Sana
1025 517 1222 551 facinoribus

963 565 1043 598 Dire
1068 575 1120 598 me
1145 570 1313 608 gravatum

915 613 959 645 Et
984 623 1003 645 a
1030 614 1132 654 culpis
1160 614 1306 646 omnibus

965 661 1082 694 Redde
1107 662 1289 695 liberatum.

859 731 889 761 4.
918 728 999 769 Ave,
1028 729 1082 769 qui
1107 738 1328 770 praepropere

966 777 1020 809 Ad
1048 779 1136 810 astra
1161 776 1307 819 festinas,

915 825 1035 856 Mentis
1061 834 1151 858 meae
1175 826 1313 858 miserae

961 872 1093 913 Repara
1118 873 1240 915 ruinas,

916 920 1004 952 Caeli
1029 921 1109 952 mihi
1133 922 1263 953 mittere

962 968 1064 1000 Stude
1088 969 1275 1009 medicinae,

912 1015 1018 1056 Digne
1043 1025 1157 1057 queam
1182 1025 1332 1057 promere

961 1063 1090 1096 Laudes
1116 1067 1151 1096 ut
1179 1064 1314 1098 divinas.

552 1131 583 1162 5.
611 1130 692 1169 Ave,
720 1129 775 1169 qui
800 1129 990 1169 martyrium

656 1176 802 1209 Sustines
830 1177 1018 1218 prudenter,

606 1225 693 1257 Hinc
720 1225 801 1257 caeli
826 1225 983 1264 palatium

655 1272 825 1305 Subintras
850 1273 1039 1314 prudenter,

606 1321 711 1353 Tuum
735 1321 816 1353 mihi
840 1320 1010 1353 brachium

655 1369 831 1402 Succurrat
855 1369 1012 1410 valenter,

607 1417 654 1450 Ut
678 1417 852 1450 ascendam
877 1417 993 1449 solium

656 1465 827 1498 Caelorum
852 1466 1042 1506 gaudenter.

217 1532 244 1559 A
264 1532 314 1559 fol.
336 1530 372 1560 79
384 1533 412 1560 b.
433 1546 472 1550 —
492 1531 549 1560 Cfr.
573 1533 659 1561 Anal.
681 1533 737 1566 ΙΙΙ,
761 1530 815 1561 185
837 1542 880 1570 sq.

557 1635 602 1668 80.
643 1635 686 1667 De
707 1643 732 1667 s.
755 1635 869 1667 Thema
890 1635 1046 1675 Apostolo.

157 1705 188 1738 1.
216 1705 297 1748 Ave,
326 1704 451 1737 Thoma
475 1705 627 1747 Didyme,

265 1752 414 1785 Lucerna
438 1753 604 1792 Indorum,

216 1800 432 1834 Conformans
460 1802 628 1842 aptissime

264 1849 392 1882 Christo
418 1859 524 1882 mores
548 1851 674 1890 horum,

214 1897 327 1939 Eripe,
357 1898 553 1939 dulcissime,

260 1946 317 1979 Me
342 1955 432 1979 reum
456 1956 595 1987 reorum,

212 1994 264 2027 Ne
288 1995 479 2036 submergar
504 1997 644 2036 pessime

260 2045 350 2077 Lacu
375 2044 538 2079 vitiorum.

151 2113 183 2146 2.
209 2112 291 2155 Ave,
321 2121 392 2144 cum
418 2112 452 2144 in
478 2112 611 2145 credulo

262 2160 368 2194 Corde
393 2160 577 2204 substitisti,

211 2209 329 2243 Gordis
354 2209 419 2241 mei
445 2209 537 2241 oculo

260 2258 373 2290 Visum
399 2258 589 2301 reddidisti,

213 2307 288 2348 Ora,
315 2315 357 2339 ne
382 2307 446 2339 iam
472 2306 589 2347 poculo

258 2354 376 2388 Mundi
403 2354 494 2387 fruar
519 2355 616 2398 tristi,

212 2403 273 2444 Qui
298 2404 417 2436 amoris
443 2404 553 2436 osculo

259 2450 389 2484 Perfrui
415 2452 545 2485 novisti.

854 1708 886 1740 3.
912 1707 991 1748 Ave,
1022 1706 1110 1738 cedis
1138 1706 1245 1748 dubio,

963 1754 1097 1795 Quando
1122 1755 1228 1795 tangis
1251 1754 1367 1796 Deum,

914 1803 1038 1843 Rogatu
1063 1802 1206 1844 propitio

962 1851 1046 1883 Mihi
1071 1851 1167 1891 placa
1194 1859 1275 1892 eum,

913 1900 976 1932 Pro
1002 1899 1059 1932 vili
1081 1897 1203 1940 flagitio

960 1947 1011 1980 Ne
1032 1956 1084 1979 me
1108 1948 1228 1988 perdat
1252 1956 1353 1990 reum,

912 1996 976 2029 Sed
1002 1997 1036 2028 in
1059 1996 1140 2029 caeli
1165 1997 1283 2037 gaudio

960 2044 1061 2077 Locet
1084 2044 1270 2078 iubilaeum.

875 2139 882 2146 .
909 2115 990 2157 Ave,
1016 2112 1150 2144 vincens
1175 2112 1279 2145 libere

957 2162 1140 2194 Accensam
1165 2159 1341 2201 fornacem,

909 2209 961 2242 Da
983 2209 1017 2242 in
1042 2207 1173 2241 flamma
1197 2209 1335 2241 miserae

961 2256 1075 2289 Carnis
1100 2257 1179 2288 mihi
1206 2265 1330 2301 pacem,

910 2305 1050 2338 Poenam
1076 2307 1208 2345 praesta
1240 2304 1354 2346 fugere

958 2352 1084 2387 Inferni
1109 2354 1266 2386 minacem

911 2402 1118 2443 Salutemque
1144 2411 1260 2444 capere

960 2452 998 2485 In
1025 2451 1113 2483 caelo
1140 2452 1297 2485 vivacem.
