1651 2700
730 167 777 171 —
828 148 895 183 IUS
946 168 986 172 —

212 241 243 273 4.
268 241 350 282 Ave,
376 240 460 282 Iesu,
487 251 558 275 mea
579 243 655 286 vita,

274 290 299 322 Ο
324 290 473 322 maiestas
497 289 632 327 infinita,

273 336 379 376 Quare
402 347 461 379 pro
484 346 535 369 me
559 339 646 378 peris
671 340 717 371 ita

272 385 335 417 Per
358 389 516 417 tormenta
539 386 685 419 inaudita

320 432 390 464 Nec
414 432 617 465 tolerabilia?

270 479 365 519 Ecce,
392 480 425 512 in
452 489 545 512 cruce
567 482 711 522 exspiras

275 527 398 560 Poenas
424 528 535 560 mortis
560 529 651 560 luens
678 530 775 571 diras,

273 575 416 607 Virtutes
443 576 641 608 demonstras
667 577 774 620 miras,

269 622 352 654 Nam
377 631 439 654 non
466 624 602 655 moveris
627 625 669 656 ad
692 625 769 666 iras,

317 670 448 709 Quando
474 670 587 702 suffers
613 672 701 705 talia.

269 717 293 749 O
321 718 413 750 dolor
438 722 469 749 et
494 728 511 750 o
539 719 683 750 dolores!

269 765 352 795 Vere
376 765 422 795 tui
449 766 554 797 vultus
579 765 674 799 fiores

267 811 362 843 Rosis
388 811 642 853 rubicundiores,

266 858 347 902 Heu,
374 863 538 891 mutantur
562 861 593 891 in
620 861 760 900 pallores

314 906 429 938 Mortis
456 907 665 941 vehementia.

270 953 294 986 O
320 962 416 994 mors,
444 963 500 986 cur
524 956 556 986 in
576 956 680 987 Iesum
698 955 818 995 fremisf

264 1001 334 1040 Ipsi
357 1002 453 1032 vitam
480 1011 578 1042 quare
603 1003 714 1045 demis,

265 1049 342 1081 Cum
350 1058 400 1080 me
408 1049 511 1080 minus
518 1059 609 1089 quam
617 1051 827 1091 hunctremis,

269 1095 333 1127 Cur
356 1104 408 1127 me
432 1097 537 1136 potius
562 1106 625 1129 non
649 1099 768 1137 premis

312 1143 440 1175 Mutata
463 1145 645 1176 sententia?

900 247 930 278 5.
957 246 1037 286 Ave,
1061 246 1146 284 iesu,
1174 244 1245 277 fons
1272 245 1388 283 vitalis,

958 294 1028 325 Non
1056 294 1100 326 sis
1125 293 1205 325 mihi
1229 293 1386 333 partialis,

958 340 1022 374 Sed
1048 342 1092 374 sis
1118 350 1187 373 mea
1213 349 1286 381 spes
1312 340 1434 380 totalis,

956 389 987 420 A
1014 390 1135 421 cunctis
1160 397 1211 420 me
1234 389 1362 421 solvens
1386 388 1479 420 malis

1004 438 1043 470 In
1068 440 1175 469 mente
1201 439 1232 468 et
1259 444 1404 476 corpore.

957 484 1099 528 Praesta,
1128 489 1163 516 ut
1189 485 1323 516 vilescat
1347 484 1409 515 iste

955 532 1039 563 Mihi
1062 532 1210 573 mundus,
1237 533 1310 564 Iesu
1338 531 1476 573 Christe,

954 579 1037 612 Mihi
1061 580 1094 611 in
1121 583 1224 611 morte
1249 580 1374 618 assiste,

956 626 999 659 Ut
1024 627 1102 658 nihil
1130 636 1181 659 me
1205 628 1315 659 laedat
1338 627 1431 659 triste

1003 674 1071 707 Tuo
1097 674 1214 706 fretum
1241 675 1366 707 robore.

953 721 1053 762 Tunc,
1081 732 1098 754 0
1121 723 1205 762 Iesu,
1232 723 1288 754 lux
1315 723 1468 762 vivorum,

956 768 1037 808 Spes
1063 773 1096 801 et
1118 770 1204 802 salus
1229 773 1436 810 mortuorum,

953 815 1009 847 Me
1034 817 1074 848 ad
1100 818 1218 857 gaudia
1243 818 1403 849 caelorum

952 863 1024 894 Duc
1048 867 1195 896 ornatum
1219 866 1406 897 meritorum

1003 911 1179 943 Numeroso
1205 911 1346 945 foenore.

954 958 978 990 O
1006 967 1061 990 cor
1082 968 1199 1000 meum⁷
1225 960 1426 1000 obstupesce.u

951 1005 1060 1037 Motus
1085 1006 1210 1046 iniquos
1237 1016 1403 1048 compesce

952 1053 1021 1084 Nec
1044 1053 1107 1085 iam
1132 1055 1220 1086 ultra
1244 1055 1410 1099 insolesce,

950 1100 986 1131 In
1013 1101 1117 1141 plagis
1143 1102 1216 1133 Iesu
1242 1103 1369 1142 quiesce

997 1148 1092 1180 Nunc
1117 1152 1149 1180 et
1174 1150 1259 1181 omni
1284 1154 1439 1190 tempore.

269 1255 294 1282 A
314 1256 363 1283 fol.
387 1254 454 1284 142„
485 1272 524 1277 —
552 1258 729 1286 Aufschrift:
765 1260 929 1293 „salutatio
958 1262 1075 1289 animae
1100 1264 1244 1291 contritae
1274 1264 1312 1291 ad
1340 1266 1509 1300 passionem

197 1292 317 1320 Domini
335 1294 405 1322 Iesu
426 1295 543 1323 Christi.
584 1313 620 1316 —
641 1297 740 1332 Vergl.
762 1297 847 1325 AnaI.
868 1299 924 1326 ΙΠ.
948 1296 1002 1327 173
1022 1308 1066 1335 sq.

659 1533 685 1563 9.
720 1532 762 1563 De
785 1532 879 1564 Gruce
900 1534 1032 1566 Domini.

203 1646 233 1678 1.
260 1647 339 1689 Ave,
364 1648 563 1680 admirabilis

309 1695 334 1727 Ο
361 1703 438 1727 crux
465 1696 643 1733 benedicta,

261 1742 331 1773 Tua
355 1743 403 1774 vis
428 1747 475 1774 est
500 1744 617 1776 nobilis

308 1790 440 1830 Semper
466 1795 498 1823 et
522 1792 651 1832 invicta,

262 1837 325 1869 Per
349 1840 382 1868 te
405 1839 500 1870 turba
523 1838 647 1880 fragilis

302 1884 499 1917 Daemonum
525 1890 574 1918 est
599 1887 694 1929 victa,

258 1932 370 1964 Palma
395 1933 472 1965 mihi
497 1934 623 1966 stabilis

307 1979 357 2011 Sis
384 1984 495 2013 contra
521 1982 650 2018 delicta.

198 2094 229 2127 2.
255 2094 336 2134 Ave,
362 2103 489 2135 semper
513 2095 628 2129 florida

300 2142 325 2174 O
351 2151 428 2174 crux
453 2144 604 2186 pretiosa,

252 2189 322 2221 Tua
347 2190 448 2223 virtus
474 2192 582 2224 vivida

299 2238 408 2278 Atque
432 2240 574 2279 gratiosa

250 2285 326 2318 Mea
352 2290 444 2319 sanet
467 2288 614 2321 morbida

299 2334 448 2367 Membra
474 2339 506 2367 et
530 2336 647 2370 virosa.

251 2381 302 2413 Ne
329 2382 392 2414 sint
418 2384 502 2416 ultra
528 2383 650 2417 foetida

300 2429 369 2462 Deo
396 2434 427 2462 et
453 2440 558 2465 exosa.

888 1654 919 1687 3.
947 1655 1027 1694 Ave,
1052 1655 1213 1687 restitutio

994 1702 1018 1734 O
1045 1711 1122 1734 crux
1146 1704 1304 1744 sanitatis,

946 1750 1033 1787 Quae
1058 1751 1203 1783 evacutio

991 1797 1036 1829 Es
1060 1797 1267 1840 infirmitatis,

944 1846 972 1875 A
999 1854 1049 1876 me
1073 1846 1117 1877 sit
1140 1847 1274 1879 remotio

991 1893 1052 1924 Per
1078 1897 1108 1925 te
1134 1895 1284 1926 vanitatis

941 1940 1049 1980 Atque
1073 1943 1267 1974 restauratio

991 1988 1100 2020 Omnis
1128 1990 1319 2022 sanctitatis.

883 2102 916 2133 4.
942 2103 1022 2144 Ave,
1048 2112 1153 2136 meum
1177 2106 1338 2147 gaudium,

991 2150 1015 2183 O
1043 2159 1121 2183 crux
1148 2153 1241 2185 dulce
1265 2154 1398 2195 lignum.

943 2197 1063 2231 Ornata
1086 2208 1147 2239 per
1171 2200 1273 2233 filium

990 2246 1130 2287 Virginis
1156 2248 1338 2291 benignum,

941 2292 992 2325 Sis
1018 2298 1130 2328 contra
1155 2297 1357 2331 daemonium

990 2343 1072 2374 Mihi
1097 2344 1171 2385 iuge
1196 2347 1332 2392 signum,

943 2389 994 2421 Ne
1017 2400 1076 2431 per
1101 2392 1164 2425 iter
1190 2395 1316 2427 devium

992 2438 1105 2472 Imiter
1128 2443 1311 2483 malignum.
