1651 2700
708 128 969 163 -190—

199 229 229 263 7.
256 228 318 260 Est
340 228 414 268 ipsa
439 228 534 268 digna
558 226 707 259 laudibus

256 276 394 316 Ipsaque
420 275 518 307 corda
543 275 678 306 luminat

256 325 395 363 Ipsaque
421 321 545 354 confert
569 321 729 364 cordibus,

257 371 324 403 Nos
351 371 392 402 ad
419 371 555 402 salutem
579 371 772 410 praeparat;

257 419 359 450 Homo
386 427 455 449 cum
480 418 545 449 suis
573 417 717 449 cantibus

258 466 326 498 Sibi
351 466 414 497 iam
440 466 551 497 laudes
577 464 708 497 referat.

263 531 289 566 5,
312 530 328 559 6
349 532 465 559 Mirum.

883 226 915 258 8.
941 225 990 256 Tu
1016 224 1113 266 salus,
1140 223 1242 255 virtus
1267 220 1427 262 gentibus,

941 273 990 304 Tu
1021 275 1123 304 totum
1148 270 1301 302 mundum
1326 269 1499 306 redimenS,

942 321 992 353 Tu
1017 320 1126 360 vitam,
1152 319 1259 351 lumen
1286 317 1444 356 omnibus,

940 368 989 400 Tu
1014 368 1118 400 lucem
1144 366 1214 398 orbi
1239 363 1419 406 proferens,

942 416 1050 449 Omnis
1076 416 1215 446 laetetur
1241 414 1376 453 animus,

941 463 991 495 Sit
1014 463 1120 495 Iesum
1146 462 1308 496 Christum
1335 461 1482 501 diligenS.

563 633 589 663 7.
629 632 764 671 Hymnus
787 631 870 662 alius
891 639 988 671 super
1009 630 1124 662 eodem.

202 723 232 755 1.
260 722 467 754 Sanctissima
491 721 653 761 nativitas,

259 769 389 801 Summa
410 773 445 800 tu
468 768 604 808 praebes
631 769 758 809 gaudia,

261 817 310 849 Tu
336 817 451 854 lumen,
478 815 611 860 fructus,
640 816 767 857 caritas,

262 865 384 898 Cuncta
407 864 538 904 repellis
563 864 669 901 noxia,

260 912 309 943 Tu
335 911 477 951 odorque
502 911 653 949 suavitas,

260 959 309 990 Tu
333 967 390 990 nos
417 967 535 990 corona
559 959 671 999 gloria.

207 1065 237 1095 2.
265 1064 303 1096 In
328 1066 360 1094 te
385 1072 524 1094 summus
547 1063 740 1102 intellectus,

264 1111 313 1142 Tu
340 1119 461 1142 :umma
484 1111 653 1151 sapientia,

264 1158 351 1189 Deus
376 1158 470 1189 homo
497 1166 530 1189 es
556 1157 695 1201 effeetus,

265 1205 384 1237 Divina
406 1207 441 1236 tu
466 1205 620 1245 potentia,

264 1252 313 1284 Tu
338 1252 524 1292 praeclarus
550 1261 584 1283 es
610 1253 739 1295 electus,

268 1301 317 1332 Tu
342 1299 457 1340 pietas,
485 1300 663 1334 clementia.

212 1404 242 1436 3.
268 1403 341 1435 Iesu
369 1402 506 1443 Christe,
533 1406 568 1435 tu
592 1404 802 1445 triumphans,

266 1451 315 1482 Tu
342 1451 487 1483 excelsus
513 1460 611 1491 supra
634 1451 792 1493 thronum,

267 1498 317 1529 Tu
342 1507 440 1537 super
465 1507 573 1530 omnes
598 1499 738 1531 militans

266 1545 378 1585 Tuque
404 1545 502 1577 donas
527 1546 666 1586 amplum
694 1546 819 1589 donum,

268 1592 318 1624 Tu
343 1601 440 1632 super
466 1594 586 1625 eunctis
611 1594 760 1633 imperas,

267 1640 315 1671 Tu
342 1641 469 1680 largiris
491 1641 583 1673 nobis
609 1641 737 1674 bonum.

886 723 918 754 4.
948 720 1133 752 Laudabilis
1159 720 1321 761 nativitas,

946 768 983 800 In
1011 772 1044 799 te
1068 773 1180 807 partus
1205 768 1393 808 luminosus,

947 815 1107 847 Mirabilis
1132 814 1301 858 festivitas,

944 863 981 895 In
1005 866 1038 894 te
1063 862 1208 895 Christus
1234 862 1405 903 gratiosus,

946 910 995 942 Tu
1019 910 1121 943 maior
1147 919 1180 942 es
1205 910 1413 953 sollemnitas,

948 959 1032 1001 Vita,
1058 956 1181 989 fruetus
1206 958 1378 997 pretiosuS.

890 1065 920 1097 5.
948 1063 1066 1095 Sancta
1088 1066 1123 1094 tu
1150 1059 1213 1106 [es]
1243 1062 1406 1104 divinitas,

949 1110 998 1141 Tu
1024 1119 1056 1141 es
1083 1111 1179 1149 plena
1204 1111 1349 1153 caritate,

947 1158 1076 1189 Amoris
1103 1166 1136 1189 es
1161 1158 1369 1199 immensitas,

949 1205 1037 1237 Odor
1061 1205 1093 1236 in
1118 1205 1327 1247 humanitate,

949 1252 999 1284 Tu
1024 1253 1122 1291 salus,
1149 1253 1261 1291 virtuS‚
1287 1253 1418 1290 veritas,

950 1299 1087 1340 Donum,
1114 1300 1170 1332 lux
1194 1300 1228 1332 iu
1255 1300 1413 1334 claritate.

893 1405 924 1437 6.
952 1404 997 1436 Es
1023 1413 1106 1448 rosa,
1132 1403 1191 1436 flos
1219 1407 1251 1436 et
1274 1404 1387 1444 lilium,

952 1452 1055 1484 Nobis
1082 1451 1205 1483 fructus
1232 1452 1394 1493 salutaris,

950 1499 999 1531 Tu
1024 1498 1179 1539 favorque
1202 1500 1379 1542 consilium,

951 1547 996 1579 Es
1022 1546 1150 1579 firmata
1174 1547 1269 1578 rebus
1296 1548 1403 1588 elaris,

951 1594 999 1626 Tu
1024 1595 1116 1626 nobis
1142 1603 1175 1626 es
1200 1595 1407 1637 praesidium,

951 1642 996 1674 Es
1023 1646 1137 1674 ornata
1161 1642 1257 1674 rebus
1285 1643 1378 1675 caris.

549 1737 581 1768 7.
607 1735 786 1768 Purissima
809 1737 972 1776 nativitas,

606 1783 658 1815 Da
683 1784 775 1815 nobis
801 1787 837 1816 tu
863 1785 1052 1827 subsidium,

610 1830 766 1863 Caelestis
791 1834 826 1864 tu
850 1833 1012 1875 nobilitas,

613 1878 661 1910 Da
686 1879 778 1911 nobis
800 1883 836 1911 tu
861 1881 1024 1922 auxilium,

610 1926 633 1958 O
660 1936 782 1959 summa
804 1930 840 1959 tu
865 1927 1014 1968 felicitas,

610 1972 660 2005 Sis
686 1974 779 2006 nobis
805 1978 840 2006 tu
864 1974 1033 2017 refugium.

562 2094 589 2125 8.
630 2094 767 2133 Hymnus
790 2095 827 2127 de
845 2095 993 2128 Passione
1015 2096 1141 2128 Christi.

210 2173 240 2205 1.
269 2173 346 2206 Cum
372 2173 518 2206 Herodes
547 2175 608 2207 hoe
634 2173 802 2220 [re]seivit,

268 2220 402 2253 Sanetos
427 2231 535 2263 magos
561 2225 771 2267 pertransire,

269 2268 333 2300 Hie
358 2269 398 2300 ab
426 2270 471 2301 eis
498 2271 677 2316 exquisivit,

266 2317 320 2348 Ad
348 2325 440 2357 quem
463 2318 497 2349 hi
521 2319 672 2353 volebant
696 2321 763 2365 ire,

271 2364 355 2404 Ipsis
380 2366 480 2406 magis
507 2367 634 2407 quidem
659 2369 757 2402 dixit:

270 2411 386 2444 Curate
411 2414 451 2446 ad
477 2424 528 2446 me
553 2416 671 2450 redire.

896 2179 928 2210 2.
956 2178 1034 2210 Cum
1060 2179 1103 2211 ad
1129 2179 1256 2212 domum
1281 2184 1497 2222 accesserunt,

955 2226 1023 2259 Ubi
1049 2230 1120 2258 erat
1145 2228 1291 2261 Christus
1316 2237 1407 2271 puer,

955 2274 1065 2314 1psum
1090 2275 1188 2307 eorde
1213 2276 1441 2317 adoraverunt,

955 2322 1015 2361 Qui
1040 2326 1184 2355 moratur
1208 2324 1265 2357 lux
1293 2327 1326 2356 et
1348 2325 1493 2370 pulcher,

955 2369 1023 2402 Sibi
1049 2380 1183 2404 munera
1208 2372 1377 2414 dederunt,

956 2418 1042 2457 Quae
1067 2420 1191 2461 recepit
1214 2421 1269 2453 hie
1290 2421 1454 2462 magister.
