1651 2700
700 149 938 185 -44-

156 247 197 281 A.
231 247 394 287 Martyres
419 248 452 279 vi
476 247 607 287 rapiunt

279 294 407 327 Caelum
434 296 502 328 Deo
529 295 627 335 digni,

231 341 307 375 Sola
331 342 393 374 Dei
418 343 545 397 sapiunt

276 390 423 430 Tropaeo
448 390 574 431 insigni.

842 247 883 281 A.
920 246 1129 280 Cumulantur
1154 245 1273 285 gaudia

916 296 980 329 Per
1005 296 1054 325 tot
1077 292 1226 325 natalitia

913 342 1095 381 Martyrum
1122 349 1192 372 cum
1219 339 1323 380 gloria

914 390 952 422 In
978 388 1108 421 caelesti
1134 389 1251 428 patria.

231 445 256 473 B
276 445 327 473 fol.
350 444 492 482 164asq.
507 446 542 474 A.
558 446 694 473 —Brev.
709 454 762 473 ms.
781 446 871 482 Camp
875 446 1010 473 oliliense
1026 453 1102 473 saec.
1118 441 1161 472 13.
1177 443 1247 472 Cod
1263 442 1469 478 Campolilien.

157 482 182 509 7.
211 483 276 510 add.
302 492 377 511 saec.
405 481 450 512 15.
471 485 504 512 Β.
527 498 564 503 -
589 484 632 512 In
656 482 679 511 1.
705 484 810 520 Vesp.
831 455 871 511 Ap
886 482 918 518 2,
939 483 959 512 4
978 484 1042 512 Deo
1068 482 1195 511 fehltB.
1216 495 1253 500 —
1273 481 1326 509 Ad
1354 481 1472 516 Magn.

158 519 199 554 A,
220 519 238 548 6
257 522 344 549 Felix
366 522 441 549 fehlt
461 522 495 550 B.
516 538 554 542 —
573 522 648 550 Ibid.
669 521 685 549 7
707 530 724 549 ο
744 493 825 550 fehplt.
846 523 880 550 B.
902 536 941 541 —
959 522 1000 549 In
1023 520 1047 549 1.
1067 522 1171 549 Noct.
1193 519 1219 547 Α
1242 518 1270 554 1,
1293 517 1311 546 2
1330 518 1470 547 Eruendo

157 564 191 586 15.
213 574 250 578 -
270 557 301 588 R
322 557 353 593 1,
373 559 393 587 4
418 560 532 588 scheint
559 561 623 588 eine
644 559 726 588 Silbe
751 569 788 587 zu
807 560 971 588 10111011.-
992 558 1023 587 R
1044 558 1073 592 1,
1095 557 1113 587 8
1134 559 1210 586 ratio
1232 558 1360 586 haesitat
1380 557 1413 585 Β.
1434 571 1473 576 -

156 595 186 624 R
207 594 234 631 3,
256 594 274 625 3
295 598 458 626 imbecilles
479 599 511 626 15.
533 612 570 617 --
590 596 620 626 R
640 596 659 625 4
678 598 738 625 und
759 598 831 626 alles
851 600 971 626 weitere
990 596 1064 626 fehlt
1083 598 1115 626 B.

600 689 627 721 3.
667 690 711 721 De
732 691 838 722 sancto
857 690 1033 722 Altmanno.

293 759 338 791 In
374 762 405 791 1.
429 759 647 799 VesperiS.

373 825 570 861 Antiphonae.

173 876 204 908 1.
231 873 255 905 O
281 875 386 904 mater
412 873 546 905 ecclesia

275 919 370 952 Felix
397 923 429 951 et
453 919 600 960 fecunda,

230 968 395 1001 Altmanni
420 969 590 1007 praeconia

277 1015 394 1047 Prome
418 1015 622 1048 laetabunda.

174 1081 207 1111 2.
233 1078 345 1117 Iugum
370 1079 514 1108 sanctum
539 1078 657 1109 teneris

279 1124 349 1156 Deo
376 1124 562 1163 disponente

233 1171 379 1204 Portavit
403 1171 436 1202 in
459 1171 577 1202 umeris

279 1220 381 1252 Laeta
406 1218 532 1257 quidem
557 1221 671 1250 mente.

173 1283 204 1315 3.
230 1281 373 1313 Minorat
396 1287 474 1320 prae
499 1279 633 1311 caeteris

280 1328 321 1360 Se
346 1335 437 1359 sacer
464 1327 665 1368 Altmannus‚

235 1376 278 1408 Ut
303 1376 414 1414 iungat
438 1374 523 1405 hunc
547 1374 671 1414 superis

279 1423 441 1455 Iubilaeus
467 1430 577 1454 annue.

169 1486 201 1519 4.
228 1484 280 1516 Ab
306 1485 366 1516 hac
390 1484 476 1517 valle
500 1483 703 1515 lacrimarum

277 1532 351 1564 Iesu
377 1530 499 1564 Christi
524 1531 627 1571 gratia

232 1579 366 1613 Scandit
392 1578 510 1618 gradus
536 1578 709 1618 gratiarum

281 1626 335 1658 Ad
360 1626 426 1666 poli
452 1624 591 1664 fastigia.

162 1689 201 1721 R.
239 1687 384 1720 Amictus
411 1690 460 1719 est
484 1688 608 1728 gemino

279 1736 399 1767 Amore
418 1735 472 1767 1110
496 1733 643 1775 pontifex

327 1783 365 1815 In
392 1792 485 1814 00000
511 1783 560 1814 bis
587 1783 698 1822 tincto=

236 1829 446 1864 conformans
471 1839 505 1862 se
530 1830 667 1861 Domino

281 1878 450 1910 Virtuosus
475 1876 584 1917 opifex

328 1926 457 1958 Intexto
481 1925 640 1965 iacinth03

159 1974 202 2007 V.
237 1973 322 2005 Huic
346 1973 502 2014 pugnanti
526 1972 631 2004 stadio

235 2020 339 2054 Cessit
363 2021 463 2053 hostis
489 2020 595 2060 gladio

283 2068 401 2101 Salutis
426 2069 580 2102 accincto.

352 2134 398 2161 Ad
417 2133 597 2170 Magnificat.

161 2185 202 2218 A.
230 2183 352 2225 Gaude,
380 2182 459 2215 felix
484 2183 629 2225 Patavia,

233 2231 283 2264 De
309 2231 469 2264 Saxonum
495 2231 648 2271 prosapia

281 2279 421 2312 Pulchre
445 2279 602 2321 laureata,

238 2327 467 2360 Chotwicensis
494 2327 639 2370 ecclesia,

234 2375 284 2407 De
309 2375 476 2407 Altmanni
500 2375 687 2415 praesentia

282 2422 421 2455 Laetare
447 2423 559 2463 ditata,

917 760 1098 794 Gratularis
1124 761 1238 793 merito

916 808 1019 840 Tanto
1046 818 1127 849 quae
1154 808 1299 848 deposito

963 856 1070 896 Digna
1095 856 1301 888 collaudaris.

983 950 1044 982 Ad
1068 950 1337 983 Matutinum.

1052 1016 1272 1044 Invitatorium.

913 1074 1095 1106 Adoremus
1122 1073 1285 1106 Christum
1311 1083 1429 1115 regem,

963 1121 1162 1154 Salvatorem
1188 1121 1329 1163 inopum,

914 1169 1051 1201 Dantem
1077 1178 1168 1200 suum
1194 1177 1291 1209 super
1315 1178 1444 1210 gregem

962 1216 1169 1247 Altmannum
1196 1216 1390 1258 episcopum.

980 1311 1026 1343 In
1053 1312 1084 1345 1.
1111 1311 1300 1345 Nocturn
1313 1321 1341 1346 0.

1062 1378 1261 1414 Antiphonae.

881 1460 889 1468 .
915 1435 1107 1467 Altmannus
1135 1437 1269 1469 consilia

965 1482 1094 1523 Sprevit
1119 1484 1291 1524 impiorum

917 1531 993 1562 Vias
1018 1539 1087 1562 cum
1113 1532 1237 1564 laetitia

966 1577 1105 1610 Currens
1130 1580 1342 1619 antiquorum.

884 1672 891 1678 .
920 1644 1039 1678 Contra
1061 1645 1150 1685 pium
1174 1646 1273 1686 impie

965 1693 1062 1733 Impii
1087 1702 1144 1725 cur
1169 1692 1317 1738 fremunt,

917 1740 1069 1772 Barathri
1095 1750 1186 1781 quem
1213 1742 1337 1774 bestiae

965 1788 1060 1820 Nunc
1086 1792 1116 1820 et
1142 1798 1268 1830 semper
1293 1791 1461 1824 tremunt?

886 1881 895 1890 .
920 1855 1052 1888 Invocat
1077 1856 1220 1889 iustitiae

968 1904 1101 1936 Praesul
1126 1904 1188 1936 iste
1213 1905 1329 1938 Deum.

920 1951 959 1983 In
984 1960 1068 1982 nexu
1090 1952 1268 1984 maestitiae

968 1998 1029 2038 Qui
1055 1999 1170 2031 dilatat
1195 2009 1277 2033 eum.

887 2091 895 2100 .
921 2066 1029 2098 Verba
1054 2066 1147 2098 huius
1173 2068 1315 2108 percipis

971 2114 1016 2146 Et
1037 2123 1131 2146 voces
1158 2115 1343 2157 clamorum,

921 2162 1006 2194 Dum
1031 2170 1091 2202 per
1113 2171 1184 2194 eum
1212 2163 1329 2204 diripis

971 2209 1088 2243 Castra
1113 2209 1290 2243 fortiorum.

891 2304 899 2312 .
925 2277 1056 2309 Honore
1081 2280 1114 2309 et
1138 2278 1241 2318 gloria

972 2325 1077 2366 Hunc,
1104 2325 1203 2366 Deus,
1231 2335 1374 2371 coronas,

923 2373 1009 2406 Huic
1035 2382 1105 2405 cum
1130 2383 1227 2414 super
1253 2376 1358 2408 omnia

972 2423 1152 2455 Potetatem
1176 2422 1286 2458 donas,
