1651 2700
354 232 400 264 In
426 231 505 267 Lau
515 233 552 265 di
562 233 643 267 bus.

398 298 445 327 Ad
467 299 599 328 Cantica.

179 357 222 389 A.
248 357 478 391 Leonhardum
504 360 655 392 laudibus

300 406 417 439 Omnes
443 416 642 449 veneremur,

252 453 383 486 Laudes
409 454 477 487 eius
502 455 652 488 cantibus

300 501 406 542 Digne
429 503 641 538 modulemur.

370 578 415 606 Ad
436 579 624 608 Benedictus.

175 635 218 670 A.
245 636 442 669 Benedictus
468 638 586 678 oriens,

248 685 300 718 Ex
324 686 390 717 alto
414 686 637 730 progrediens,

247 733 436 766 Leonhardi
460 733 587 774 iugibus

249 782 379 815 Meritis
407 785 439 814 et
463 782 616 822 precibus

300 829 437 870 Largire
463 831 616 862 virtutem

251 878 298 910 Et
323 878 365 910 da
391 887 462 909 cum
489 878 682 910 caelestibus

252 925 356 958 Nobis
382 928 415 957 te
442 926 620 959 colentibus

301 975 417 1007 Pacem
445 978 478 1005 et
500 975 647 1008 salutem.

364 1070 389 1102 P
401 1078 418 1100 e
428 1079 445 1101 r
469 1069 501 1101 H
511 1079 529 1102 0
540 1079 557 1101 r
567 1079 586 1101 a
596 1079 620 1103 S.

391 1135 438 1162 Ad
456 1135 597 1163 Primam.

173 1194 214 1226 A.
242 1193 316 1226 Non
342 1193 396 1225 hic
420 1194 638 1225 mercenarius

296 1241 366 1274 Nec
391 1242 486 1281 lupus
514 1241 655 1274 crudelis

243 1289 332 1329 Fuit,
360 1290 417 1322 sed
442 1289 583 1322 vicarius

294 1337 423 1370 Domini
451 1336 568 1372 fidelis.

383 1413 429 1440 Ad
457 1413 599 1440 Tertiam.

170 1471 213 1505 A.
241 1471 455 1504 Leonhardus
479 1472 599 1513 iugiter

291 1519 465 1552 Lucrando
492 1520 628 1552 salutem

245 1567 296 1600 De
322 1568 444 1600 virtute
469 1567 598 1600 fortiter

293 1616 369 1649 Ibat
393 1616 435 1649 ad
462 1617 625 1649 virtutem.

391 1691 437 1719 Ad
458 1691 587 1720 Sextam.

168 1752 210 1784 A.
238 1750 453 1783 Leonhardus
478 1751 622 1784 triticum

291 1799 416 1840 Erogat
440 1800 577 1840 insignis

244 1847 416 1880 Conservis
443 1848 637 1880 dominicum

289 1895 335 1928 Et
359 1895 467 1928 verbis
493 1899 526 1928 et
549 1896 659 1938 signiS.

245 1954 270 1981 B
290 1953 341 1981 fol.
366 1951 446 1981 16210
469 1962 512 1989 sq.

1100 238 1145 266 Ad
1166 239 1290 267 Nonam.

908 310 917 320 .
942 286 1164 331 Leonhardus‚
1194 289 1317 322 civibus

997 335 1142 367 Sociatus
1170 336 1261 378 caeli,

950 382 1053 415 Nobis
1078 384 1183 423 prosit
1209 384 1355 416 omnibus

997 431 1135 463 Precatu
1161 431 1261 467 fideli.

1018 516 1062 548 In
1090 519 1121 550 2.
1150 518 1171 548 Y
1188 526 1260 558 esp
1273 519 1364 552 eris.

1094 583 1294 620 Antiphonae.

913 657 919 665 .
946 631 1088 664 Adiutor
1115 633 1299 665 carceribus

994 679 1101 712 Adest
1124 681 1288 713 innodatis

945 728 1235 761 Intercessionibus

993 775 1166 809 Leonhard
1172 787 1206 809 us
1232 778 1343 818 gratis,

912 869 918 876 .
948 843 1047 875 Verbi
1074 845 1159 876 sacri
1185 844 1309 878 framea

993 891 1174 924 Revocatos
1199 893 1262 925 iste

944 938 1077 971 Erroris
1103 940 1142 972 ab
1169 941 1241 972 alea.

992 987 1067 1019 Tibi
1093 987 1204 1029 refert,
1233 988 1371 1023 Christe.

909 1073 916 1081 .
944 1049 1039 1081 Vitae
1065 1050 1175 1082 reddit
1199 1050 1327 1083 sobriae

991 1097 1145 1129 Sermone
1171 1098 1325 1141 carnales,

943 1144 997 1176 Ad
1024 1144 1093 1177 vias
1119 1145 1263 1177 iustitiae

993 1192 1140 1224 Trahens
1166 1193 1330 1229 bestiales.

910 1280 916 1287 .
944 1254 1081 1296 Magnus
1108 1259 1158 1287 est
1181 1256 1214 1287 in
1241 1257 1343 1297 gloria

991 1302 1085 1335 Felix
1110 1303 1335 1348 Leonhardus,

943 1350 1026 1383 Tota
1050 1351 1083 1383 in
1110 1352 1247 1384 ecclesia

993 1399 1153 1432 Redolens
1180 1404 1217 1432 ut
1236 1401 1369 1435 nardus,

1063 1466 1109 1493 Ad
1129 1466 1313 1503 Mag-nificat.

868 1513 910 1548 A.
937 1515 1021 1556 Ave,
1047 1515 1132 1557 Iesu,
1159 1516 1247 1548 salus
1273 1516 1371 1558 orbis,

942 1562 1074 1595 Cunctis
1099 1565 1219 1596 nostris
1244 1565 1326 1597 assis
1350 1567 1472 1599 morbis

989 1611 1094 1644 Vivax
1120 1620 1180 1652 per
1203 1613 1391 1654 remedium,

938 1658 1126 1692 Leonhardi
1152 1661 1227 1693 viva
1254 1670 1351 1701 prece

940 1706 1007 1739 Nos
1034 1707 1074 1739 ab
1101 1709 1187 1740 omni
1212 1709 1371 1741 mundans
1396 1708 1488 1742 faece

990 1756 1201 1789 peccatorum
1228 1758 1367 1789 omnium

940 1803 1004 1844 Sic,
1033 1807 1070 1836 ut
1094 1805 1138 1836 sit
1163 1808 1295 1838 aeterna
1320 1806 1410 1846 quies

941 1851 1044 1884 Nobis
1070 1852 1103 1885 in
1129 1856 1162 1885 te
1187 1854 1267 1892 solo,
1294 1855 1348 1895 qui
1370 1863 1404 1886 es

987 1900 1082 1933 Solus
1110 1902 1216 1934 cordis
1244 1903 1406 1943 gaudium.

630 2030 673 2062 12.
705 2029 749 2062 De
769 2031 883 2063 sancta
901 2031 1037 2065 Martha.

309 2121 351 2153 In
380 2122 410 2156 1.
438 2122 657 2161 Vesperis.

381 2207 582 2244 Antiphonae.

180 2278 212 2311 1.
239 2278 394 2311 Universi
417 2277 559 2310 iubilans

285 2325 400 2359 (alaude
424 2325 624 2367 monarchia,

238 2374 358 2415 Fulget
381 2375 416 2407 in
442 2378 475 2406 te
500 2374 639 2406 rutilans

285 2422 332 2456 Ut
356 2423 405 2455 sol
430 2422 564 2455 Martha
588 2422 651 2462 pia.

875 2096 907 2129 2.
935 2095 1070 2129 Crescat
1093 2096 1186 2128 nobis
1213 2098 1364 2138 gaudium

982 2144 1134 2175 Marthae
1158 2144 1199 2176 de
1222 2146 1334 2189 natali,

936 2191 1023 2231 Quae
1048 2193 1184 2232 sumpsit
1211 2193 1378 2226 exordium

983 2239 1086 2271 Tribu
1113 2241 1154 2273 de
1179 2241 1291 2282 regali.

877 2299 909 2330 3.
938 2297 1047 2329 Viruit
1071 2297 1247 2330 virtutibus

984 2344 1028 2377 Et
1055 2344 1181 2386 fulgore
1205 2355 1329 2379 morum

937 2393 1001 2425 Per
1026 2393 1111 2425 viam
1136 2394 1169 2426 in
1196 2395 1343 2428 omnibus

988 2440 1129 2474 Currens
1155 2444 1392 2479 mandatorum.
