1651 2700
690 127 954 163 —219—

168 224 200 258 3.
228 223 321 256 Ovile
345 224 491 255 sanctum
517 222 634 265 ovium,
867 226 898 259 4.
924 225 1016 258 Haec
1040 225 1149 258 reddit
1175 225 1256 257 lucis
1281 225 1462 265 praemium

227 273 267 305 In
289 280 352 313 quo
376 270 441 304 Dei
466 275 664 314 ornamenta,
926 273 1042 306 Odoris
1070 275 1149 306 dans
1173 276 1320 306 aromata

227 321 301 354 Non
332 319 457 352 claudit
481 320 553 359 ipsa
575 319 743 361 gremium,
925 321 993 354 Dat
1016 322 1174 362 nobisque
1200 321 1378 363 consilium,

230 369 319 403 Redi
340 368 444 409 ipsam
470 370 568 408 tuque
592 371 699 408 canta,
924 369 973 402 Ut
997 370 1131 402 vitemus
1157 372 1357 410 nocumenta,

229 417 371 451 Reducit
394 415 468 455 ipsa
493 415 631 458 devium,
924 417 1085 449 Fidelium
1113 419 1306 449 consortium

230 466 339 499 Radix
366 463 506 504 fideique
531 464 652 503 planta.
926 464 971 496 Et
998 465 1055 497 dat
1077 464 1152 497 fidis
1177 467 1391 497 monumenta.

437 565 478 597 51.
521 565 660 604 Hymnus
682 565 766 596 alius
792 565 829 596 tle
851 564 985 597 ecclesia
1006 569 1117 598 sancta
1140 566 1203 597 Dei.

174 629 206 664 1.
232 628 392 669 Ecclesia,
418 626 599 668 fulgoribus
867 628 901 662 2.
927 627 1077 660 Ecclesia
1102 627 1291 666 exuberans,

230 677 277 709 Es
302 676 456 717 insignita
479 674 620 716 luminiS,
926 675 975 707 Tu
1001 684 1111 707 servas
1136 675 1340 716 aequitatem,

229 725 276 757 Es
302 732 431 764 semper
455 723 488 755 in
515 723 669 755 odoribus
926 723 976 755 Tu
1002 732 1035 755 es
1060 723 1094 755 in
1121 724 1199 756 orbe
1224 723 1364 754 militans

231 773 286 806 Ad
312 772 449 805 salutem
472 771 610 803 hominis
925 771 1052 803 Tenens
1079 774 1167 803 recte
1191 772 1370 811 veritatem,

233 820 448 860 Lucescisque
472 819 669 861 pastoribus,
925 819 999 852 Non
1025 828 1059 851 es
1084 819 1117 852 in
1142 820 1212 851 iure
1234 819 1430 860 claudicans,

228 868 491 910 Regentibusque
517 867 665 900 dominis.
927 868 1058 901 Cunctis
1083 867 1195 900 reddis
1223 867 1412 900 claritatem.

507 926 537 958 3.
564 926 613 958 Tu
638 925 803 968 magistra,
831 926 918 958 alma
942 928 1056 966 mater,

561 974 611 1006 Tu
635 973 668 1005 in
692 974 812 1006 mundo
838 974 971 1014 militas,

563 1021 613 1053 Tu
639 1024 824 1053 cunctorum
848 1022 939 1053 locus
965 1029 1066 1062 sacer,

565 1069 696 1102 Fideles
722 1071 758 1101 tu
782 1069 937 1101 nobilitas

561 1118 612 1149 Ac
634 1117 668 1148 in
694 1119 726 1147 te
752 1117 891 1157 quiescit
915 1119 1019 1156 pater,

562 1165 611 1196 Tu
636 1164 750 1196 mundi
771 1164 876 1196 maior
905 1164 1057 1204 dignitas.

235 1221 259 1255 1,
280 1220 300 1250 4
318 1222 393 1250 fehlt
417 1222 484 1249 eine
510 1220 592 1249 Silbe
619 1229 667 1248 am
694 1220 779 1248 Vers.
799 1235 838 1239 —
867 1218 893 1254 1,
914 1218 931 1248 5
951 1221 1156 1256 Lucescitque.
1179 1235 1215 1239 -—
1242 1216 1268 1254 2,
1290 1216 1309 1245 4
1336 1218 1396 1245 und
1440 1242 1446 1252 ,
1469 1216 1487 1245 2

155 1260 256 1289 fehlen
272 1261 303 1296 je
324 1262 391 1288 eine
414 1259 505 1288 silbe.

357 1353 405 1385 52.
446 1353 584 1393 Hymnus
607 1352 645 1383 de
667 1353 775 1384 sancto
798 1360 893 1393 papa,
916 1350 1036 1383 domino
1057 1349 1163 1381 mundi
1185 1349 1290 1381 huius.

253 1416 316 1448 Est
340 1424 426 1457 papa
451 1423 592 1447 summus
616 1413 774 1456 pontifex,
949 1413 1011 1445 Est
1035 1412 1068 1444 in
1095 1415 1183 1444 terra
1209 1411 1275 1443 eius
1302 1411 1396 1443 sedes

256 1464 381 1505 Pastor,
407 1465 565 1503 paterque
590 1462 775 1504 monarcha,
951 1462 1048 1501 Pura,
1074 1463 1250 1500 sanctaque
1274 1460 1393 1492 intacta

253 1511 375 1543 Summi
400 1511 463 1544 Dei
489 1511 575 1544 vices
602 1519 727 1552 gerens,
868 1510 925 1543 15.
951 1509 1013 1541 Est
1036 1509 1071 1540 in
1096 1511 1186 1541 terra
1210 1508 1296 1539 iusta
1320 1508 1461 1549 solvens,

253 1559 362 1592 Radix
388 1558 528 1600 fideique
554 1567 640 1592 arca.
951 1556 1070 1589 Sancte
1095 1556 1214 1589 retinet
1238 1558 1374 1590 retenta.

196 1609 227 1641 5.
255 1608 319 1640 Hic
342 1608 377 1640 in
404 1611 493 1640 terra
518 1607 611 1639 nobis
636 1607 760 1648 lucens,
950 1604 1065 1637 Fidem
1081 1607 1226 1636 sanctam
1236 1604 1289 1635 hic
1301 1602 1490 1645 defendens,

252 1656 329 1696 lpse
354 1665 495 1688 summus
521 1655 719 1696 patriarcha,
950 1653 1101 1686 Videaris
1128 1661 1222 1693 quem
1248 1652 1281 1683 in
1308 1652 1440 1694 pascha,

253 1704 317 1736 Hic
344 1704 491 1736 dominus
512 1713 570 1735 nos
595 1706 780 1745 protegens,
950 1703 1019 1735 Iam
1046 1701 1183 1741 quilibet
1208 1701 1251 1732 sit
1278 1700 1451 1740 paenitens

254 1753 372 1785 Omnes
399 1761 506 1784 sumus
531 1753 599 1783 eius
621 1751 744 1791 planta.
866 1752 923 1784 20.
951 1752 1027 1791 Ipse
1051 1751 1164 1790 portus
1190 1749 1293 1790 navis,
1321 1749 1420 1781 barca

253 1800 318 1833 Hic
352 1804 399 1833 est
426 1804 513 1832 certe
539 1802 654 1832 cuncta
678 1802 794 1840 potens
950 1799 1004 1831 Ad
1031 1798 1167 1829 salutem
1194 1806 1252 1829 nos
1280 1796 1478 1837 conducens3

170 1850 227 1884 1oe
255 1849 354 1882 Glave
377 1858 441 1881 non
468 1851 597 1881 errante
622 1850 744 1890 sancta,
951 1847 1052 1878 Fides
1077 1852 1190 1878 nostra
1214 1854 1278 1877 non
1304 1845 1349 1876 sit
1372 1845 1467 1886 laxa3

253 1898 332 1937 Ipse
358 1901 465 1930 rector
490 1897 583 1930 nobis
611 1897 750 1928 clemens
949 1895 1008 1935 Qui
1018 1903 1080 1927 non
1091 1894 1280 1935 credit.iam
1291 1894 1491 1935 estdemens,

251 1946 459 1979 Remittendo
485 1946 539 1977 hic
563 1947 709 1986 peccata.
947 1944 1027 1976 Eius
1054 1943 1160 1975 anima
1188 1942 1322 1976 deiecta.

568 2037 616 2070 53.
657 2038 796 2077 Hymnus
818 2037 902 2069 alius
928 2036 965 2068 de
986 2044 1079 2077 papa.

167 2103 199 2138 1.
228 2103 253 2136 O
280 2111 366 2142 papa
392 2104 513 2144 sancte,
541 2100 702 2141 prospice,
867 2102 899 2134 2.
927 2099 976 2132 Tu
999 2107 1121 2131 memor
1147 2098 1192 2129 sis
1219 2097 1343 2137 Italiae,

226 2152 278 2184 Ne
301 2159 377 2183 oves
399 2153 475 2182 tuae
499 2152 646 2191 pereant,
926 2148 964 2181 In
991 2156 1054 2188 qua
1079 2155 1114 2180 se
1140 2145 1198 2178 fidi
1224 2145 1410 2187 trucidant„

226 2199 287 2242 Tu,
313 2201 419 2240 pater,
447 2207 515 2240 rex,
541 2197 705 2239 intellege,
925 2196 975 2228 Tu
1000 2196 1107 2227 lucem
1132 2199 1219 2226 tuam
1245 2194 1386 2235 porrige,

226 2248 278 2281 Ne
303 2247 389 2280 servi
414 2248 461 2279 tui
488 2248 651 2287 corruant,
926 2244 1071 2276 Virtutes
1096 2245 1171 2274 tuae
1196 2242 1335 2282 luceant,

226 2297 276 2329 Tu
301 2296 387 2329 omni
413 2303 509 2336 posse
535 2293 665 2336 perfice,
925 2292 976 2324 Tu
998 2290 1149 2324 infideles
1176 2290 1361 2333 comprime,

224 2346 272 2380 Ut
296 2344 447 2377 infideles
472 2344 621 2384 redeant,
925 2340 972 2373 Ut
996 2340 1057 2372 tibi
1084 2339 1182 2371 corde
1206 2341 1353 2380 pareant,

226 2394 276 2426 Tu
303 2402 444 2434 curaque
470 2392 639 2433 catholice,
928 2389 1042 2429 Tuque
1067 2387 1225 2428 superbos
1252 2389 1393 2428 contere,

225 2441 276 2474 ΝΘ
301 2441 386 2474 servi
412 2441 460 2473 tui
487 2441 627 2474 doleant.
928 2437 975 2470 Ut
997 2446 1060 2469 non
1087 2436 1228 2470 cervices
1255 2435 1392 2477 erigant.
