1651 2700
682 116 940 152 —237—

158 212 191 245 7.
219 212 328 244 Iustus
353 213 444 252 quasi
470 213 519 245 sol
545 212 694 257 fulgebit,
853 216 884 248 8.
912 214 962 246 Tu
986 213 1085 246 facito
1110 213 1276 257 iustitiam,

215 259 302 292 Nam
326 261 419 293 stetit
442 260 476 293 in
503 259 695 302 constantia,
915 261 1000 295 Cura
1026 270 1085 302 per
1108 262 1213 302 legem
1237 268 1384 303 pergere,

217 307 287 340 Sibi
313 311 427 341 sancta
451 309 508 346 lux
533 309 666 350 lucebit,
912 310 965 342 Da
989 310 1082 342 bonis
1106 313 1141 342 tu
1166 310 1339 352 laetitiam„
1387 320 1394 328 ⁴

215 356 255 388 In
280 356 345 388 Dei
371 360 421 388 est
444 356 640 397 praesentia,
914 358 999 391 Cura
1023 360 1195 397 peccantes
1221 366 1343 398 regeret

215 403 293 444 Ipse
316 404 491 437 Dominum
516 405 641 437 videbit
914 405 963 437 Tu
990 405 1121 445 despice
1145 405 1309 444 malitiam,

217 452 256 484 In
282 461 408 485 summa
431 452 601 493 sapientia.
916 453 999 485 Puta
1023 456 1058 484 tu
1082 457 1193 485 sancte
1217 462 1341 494 gerere,

508 530 540 562 9.
567 529 737 561 Accrescit
760 537 838 569 gens
863 529 997 570 iustitia,

566 577 645 617 Ipsa
672 577 796 609 ditatur
819 577 969 617 populus,

566 625 617 657 Ea
640 624 770 666 repellit
795 625 885 665 vitia,

567 672 733 713 Lucetque
759 672 910 713 splendet
934 672 1092 713 gentibus,

569 721 741 753 Fundatur
764 720 799 752 in
824 720 961 762 laetitia,

570 769 700 802 Gaudet
724 769 757 801 in
783 769 856 809 ipsa
884 768 1052 803 Dominus,

225 844 250 879 1,
273 844 288 872 1
310 845 396 872 Nam.
419 859 457 864 ——
484 844 512 879 4,
534 844 554 873 4
579 846 654 873 fehlt
681 846 748 873 eine
769 844 865 880 Silbe;
891 845 948 873 lies
968 845 1070 882 Ipsum
1098 845 1235 881 quoque?
1262 860 1300 864 —
1328 842 1355 878 5,
1378 842 1393 871 1
1416 845 1477 871 esto

145 884 179 911 in
203 884 330 912 iustitia.
360 899 400 903 —
430 881 462 919 5,
489 881 508 912 3
537 885 603 912 eine
629 883 713 912 silbe
742 893 780 911 zu
805 883 882 920 viel3
912 882 943 918 5,
970 883 990 911 4
1018 885 1084 915 eine
1111 892 1148 910 zu
1173 884 1279 919 wenig.
1324 882 1409 915 Lies:
1437 881 1480 909 Ac

146 925 243 950 cesset
267 945 270 951 .
294 945 300 948 .
324 942 330 948 .
360 922 402 950 Et
422 923 463 950 sit
484 923 617 950 munda?

516 1015 558 1047 81.
599 1015 737 1054 Hymnus
760 1014 843 1046 alius
869 1014 906 1046 de
927 1014 1108 1055 prudentia.

163 1097 193 1131 1.
220 1097 270 1129 Tu
294 1097 401 1137 primo
426 1096 531 1129 Deum
559 1096 685 1139 diligas,
856 1097 888 1130 3.
914 1095 952 1127 In
977 1094 1086 1126 multis
1111 1097 1186 1126 tene
1210 1093 1361 1135 medium,

219 1145 349 1177 Deinde
374 1154 447 1177 ama
471 1143 664 1184 proximum,
916 1142 966 1174 Sit
989 1141 1050 1173 tibi
1076 1150 1205 1181 semper
1231 1141 1386 1180 aequitas,

218 1192 358 1232 Tibique
383 1191 479 1224 fratri
505 1191 617 1232 facias,
915 1190 1043 1223 Vitabis
1070 1188 1182 1221 fratris
1208 1188 1378 1229 proelium,

217 1240 309 1280 Quod
335 1248 465 1280 semper
489 1240 533 1271 sit
556 1239 733 1280 innoxium,
915 1237 965 1270 Sit
989 1237 1114 1277 tibique
1138 1236 1307 1272 sobrietas,

218 1289 258 1321 In
283 1288 408 1321 cunctis
430 1287 534 1320 Deum
560 1288 685 1327 timeas,
914 1285 988 1318 Non
1012 1284 1134 1317 inferas
1161 1287 1197 1316 tu
1221 1283 1375 1320 taedium,

218 1336 288 1368 Fac
312 1337 404 1376 utile,
431 1345 495 1368 non
522 1336 661 1368 noxium.
911 1334 951 1365 ln
975 1337 1008 1365 te
1033 1334 1077 1365 sit
1101 1341 1201 1373 amor,
1229 1332 1360 1364 caritas.

161 1413 193 1446 2.
220 1412 294 1445 Non
321 1421 414 1444 cures
439 1416 474 1444 tu
500 1412 572 1452 plus
598 1420 713 1452 sapere
854 1411 887 1444 4.
915 1411 954 1443 In
979 1419 1035 1443 ore
1060 1410 1102 1442 sit
1128 1408 1298 1451 confessio,

220 1460 279 1493 Vel
305 1461 393 1493 ultra
418 1469 512 1501 quam
538 1462 695 1502 oporteat,
918 1458 969 1491 Sit
992 1461 1067 1490 actu
1091 1457 1298 1500 paenitentia,

220 1509 269 1541 Tu
291 1509 358 1541 noli
386 1508 460 1549 plus
484 1516 678 1549 cognoscere
915 1507 953 1539 In
980 1506 1078 1538 corde
1103 1506 1146 1538 sit
1171 1506 1332 1548 contritio,

219 1557 280 1589 Vel
305 1557 392 1589 ultra
416 1565 511 1597 quam
538 1556 700 1596 expediat,
917 1555 1160 1598 Quaeraturque
1181 1553 1364 1594 clementia,

220 1605 279 1637 Tu·
295 1605 376 1637 velis
402 1604 563 1645 quaedam
585 1603 717 1646 fingere,
915 1603 964 1636 Re
989 1602 1047 1635 fiat
1071 1600 1261 1642 satisfactio,

217 1653 258 1685 Id
283 1661 391 1696 nosce,
418 1653 505 1693 quod
531 1651 689 1692 proficiat.
915 1651 1007 1684 Haec
1031 1660 1154 1683 summa
1178 1652 1229 1682 est
1251 1649 1437 1690 prudentia.

401 1783 447 1815 82.
487 1783 530 1814 De
549 1783 724 1815 virtutibus
749 1784 781 1815 et
804 1791 914 1815 earum
936 1782 1049 1814 effectu
1071 1781 1217 1822 aliquali.

162 1867 195 1901 1.
222 1865 285 1898 Per
311 1865 448 1898 virtutes
474 1874 531 1897 seu
557 1874 662 1897 mores
858 1866 889 1898 3.
918 1865 1075 1906 Adverte,
1101 1873 1142 1896 ne
1168 1868 1203 1896 tu
1229 1863 1338 1896 odium

219 1914 381 1947 Intremus
407 1923 465 1946 nos
490 1914 658 1955 palatium,
915 1913 968 1946 Ab
994 1913 1092 1954 inope
1117 1913 1169 1945 vel
1194 1918 1349 1953 paupere,

219 1963 283 1996 Per
309 1965 424 1994 cantus
448 1966 545 2003 atque
570 1963 687 1995 odores
918 1961 968 1994 Sit
993 1971 1084 1994 amor
1105 1965 1202 2002 atque
1227 1960 1381 2000 osculum¹

216 2012 413 2051 Quaeramus
438 2020 496 2043 nos
523 2011 689 2052 solacium,
915 2010 960 2043 Et
981 2010 1088 2051 ipsum
1115 2019 1192 2042 cura
1216 2018 1362 2050 pascere,

217 2059 283 2093 Per
307 2059 422 2092 laudes
448 2063 481 2092 et
506 2060 643 2092 honores
915 2059 968 2092 Da
993 2059 1098 2091 cibum
1124 2062 1222 2099 atque
1247 2057 1409 2099 poculum,

218 2108 402 2141 Firmemus
427 2108 558 2149 longum
582 2108 734 2149 spatium.
914 2108 988 2141 Hoc
1012 2116 1109 2147 posse
1133 2107 1229 2139 stude
1254 2105 1373 2138 facere.

158 2187 190 2221 2.
216 2185 394 2218 Fateamur
418 2195 477 2218 nos
503 2189 639 2227 peccata
856 2187 888 2218 4.
915 2185 963 2217 Te
988 2184 1125 2217 virtutes
1151 2186 1248 2224 atque
1271 2191 1377 2217 mores

218 2232 458 2268 Paenitentiam
483 2236 625 2276 agentes,
917 2232 1100 2273 Sequantur
1126 2234 1222 2271 atque
1247 2230 1381 2271 socient,

217 2283 292 2316 Non
318 2283 384 2316 sint
410 2280 465 2328 [et]
493 2284 685 2324 inveterata,
915 2281 961 2314 Hi
986 2284 1060 2313 sunt
1086 2289 1165 2312 auro
1192 2279 1354 2320 digniores

221 2332 328 2365 Simus
355 2341 393 2364 ea
418 2332 625 2372 repellentes,
915 2329 962 2362 Et
985 2331 1018 2360 te
1044 2327 1165 2362 salvari
1190 2326 1320 2361 facient.

217 2380 264 2413 Et
287 2380 331 2412 sit
355 2380 464 2413 anima
487 2381 654 2422 mundata,
914 2377 984 2418 Ipsi
1011 2375 1181 2409 conferunt
1205 2376 1343 2408 honores

215 2427 337 2470 Legem
363 2429 462 2461 simus
489 2438 548 2461 nos
573 2431 754 2469 sequentes.
917 2425 963 2458 Et
987 2424 1128 2458 fructum
1153 2424 1271 2457 bonum
1298 2423 1479 2465 proferunt.
