1651 2700
739 157 979 193 -96-

206 250 267 282 4a.
297 250 411 282 Verbis
434 251 539 284 iussus
565 252 720 293 subdolis,
890 254 949 287 4b.
978 255 1055 288 Cum
1078 257 1255 296 sprevisset
1279 257 1378 300 idola,

294 297 415 331 Offerat
438 301 474 330 ut
496 299 603 338 idolis,
977 304 1090 336 Pravis
1115 303 1153 336 fit
1176 305 1334 345 parabola

339 346 401 378 Est
424 346 548 380 beatus.
1023 351 1220 392 Fustigatus.

205 423 223 454 5
237 430 266 455 a.
295 422 425 455 Carceri
448 424 633 464 intruditur,
888 427 950 460 5b.
975 427 1140 460 Flammea
1164 429 1310 461 induitur

292 470 396 502 Multo
422 469 510 503 ferro
535 473 701 514 premitur,
976 475 1075 515 Toga,
1101 479 1196 516 spata
1220 477 1377 519 caeditur,

292 517 420 559 Carcer‚
447 517 567 552 ferrum
592 521 727 553 solvitur
976 522 1127 555 Gaudens
1152 524 1200 555 sic
1223 524 1406 564 ingreditur

339 566 376 597 In
401 564 554 600 favillam.
1023 571 1116 602 Vitae
1142 571 1259 606 villam.

201 642 260 674 6a.
287 642 415 674 Erasmi
439 651 497 675 nos
521 652 619 684 prece
888 646 946 680 6b.
973 646 1045 678 Duc
1068 647 1189 679 virtute
1210 648 1323 688 plenos

289 689 481 722 Cunctorum
505 699 525 722 a
548 689 649 733 faece,
974 694 1147 735 Menteque
1171 703 1301 727 serenos

335 737 407 769 Iesu
432 737 521 769 solve
1020 742 1074 773 Ad
1100 742 1218 782 gaudia

382 788 584 823 peccatorum
594 794 602 827 ;
1066 790 1265 830 gaudiorum.

265 858 290 885 B
313 857 363 885 fol.
388 856 474 885 172a.
494 873 533 877 —-
551 859 635 887 Met:
657 861 931 889 Laetabundus.
945 876 983 880 —
997 863 1060 890 Aus
1080 863 1202 891 anderer
1222 865 1327 898 Quelle
1345 864 1431 892 Anal.
1451 863 1506 899 IX,

193 892 254 922 149.
276 909 315 914 —
336 896 389 924 Als
408 897 479 924 Tro
491 906 558 933 pus
579 906 667 933 super
684 898 816 926 Alleluia
834 899 905 936 geht
923 900 1044 928 vorher:

646 955 778 983 Caritate
798 956 968 984 vulneratus

647 992 812 1030 Oruoreque
832 995 1008 1029 rubricatus,

645 1031 727 1059 Ense
747 1032 811 1059 diro
832 1036 998 1067 coronatus,

643 1070 757 1104 Martyr
776 1070 917 1100 Erasmus
939 1072 1053 1107 beatus,

682 1107 773 1135 Lucis
793 1109 885 1136 intrat
903 1111 1038 1144 patriam.

644 1197 670 1228 9.
709 1197 753 1229 De
772 1201 879 1230 sancto
901 1200 1044 1239 Georgio.

196 1273 256 1305 la.
284 1274 423 1314 Caelum,
449 1277 546 1315 terra,
572 1284 670 1319 mare,
697 1277 811 1317 gaude,
881 1279 939 1312 lb.
968 1280 1005 1312 In
1033 1280 1163 1322 Georgii
1186 1283 1288 1314 natali

281 1321 400 1363 Arbor,
414 1321 523 1360 herba,
538 1331 671 1364 gemma,
682 1323 809 1368 plaude,
965 1327 1057 1359 Omni
1081 1331 1189 1369 spreto
1214 1328 1304 1361 fonte
1330 1331 1407 1362 mali

282 1368 416 1408 Spirans
442 1378 542 1412 omne,
571 1379 648 1402 vaca
672 1371 769 1403 laude
966 1374 1150 1408 Glorianter
1175 1377 1317 1416 spiritali

328 1415 455 1447 Salubri
480 1417 631 1456 tripudio.
1011 1422 1225 1456 Iucundemur
1250 1426 1378 1466 gaudio.

195 1492 251 1523 2a.
278 1492 382 1523 Annis
408 1492 535 1533 quidem
560 1494 733 1526 iuventutis
879 1497 936 1529 2b.
965 1499 1070 1531 Corde
1094 1500 1224 1531 tandem
1250 1501 1391 1533 iubilaeo

279 1539 425 1572 Moribus
448 1549 584 1573 vernans
611 1541 738 1573 virtutis
962 1545 1048 1577 Fuso
1073 1548 1228 1587 sanguine
1253 1557 1314 1588 pro
1339 1549 1409 1581 Deo

278 1587 376 1619 Volat
401 1587 443 1619 ad
468 1587 539 1620 fora
563 1589 675 1620 salutis
962 1592 1089 1634 Regnat
1113 1597 1146 1625 et
1169 1595 1249 1627 vivit
1277 1605 1345 1627 cum
1375 1606 1411 1629 eo

326 1634 425 1675 Voce,
454 1636 558 1678 corde,
586 1645 692 1676 opere.
1010 1640 1104 1672 Nunc
1129 1644 1161 1673 et
1184 1644 1270 1675 omni
1297 1647 1452 1686 tempore.

194 1710 254 1743 3a.
280 1709 457 1742 Dacianum
477 1713 672 1752 expugnavit
874 1715 937 1748 3b.
965 1717 1116 1749 Sanctum
1142 1727 1216 1759 ergo
1243 1729 1434 1754 veneremur

279 1756 493 1804 Satanamque
517 1759 582 1791 fide
606 1760 730 1803 stravit,
965 1764 1102 1796 Tantum
1127 1775 1235 1799 omnes
1264 1771 1296 1799 et
1322 1769 1483 1812 miremur,

280 1804 398 1837 Contra
424 1809 538 1839 cuncta
563 1808 781 1848 triumphavit,
960 1812 1061 1844 Actus
1088 1814 1153 1846 eius
1178 1815 1342 1849 imitemur

324 1852 447 1893 Dignus
473 1854 557 1886 vitae
580 1856 692 1895 gloria.
1008 1861 1110 1893 Felici
1137 1864 1328 1897 constantia.

256 1927 280 1954 B
302 1927 352 1955 fol.
376 1926 466 1956 1731).
486 1944 523 1948 —
543 1930 627 1957 Met:
656 1931 818 1959 Verbum
838 1933 980 1961 bonum.
1002 1950 1041 1954 —
1060 1937 1175 1965 Vorher
1193 1938 1265 1974 geht
1285 1940 1330 1968 als
1349 1940 1497 1977 Tropus

179 1972 267 2000 super
287 1965 430 1993 Alleluia:

635 2016 724 2051 Tuus,
744 2018 821 2052 Iesu,
845 2018 894 2046 hic
918 2020 1030 2049 athleta

674 2054 734 2083 Suo
755 2056 819 2084 fuso
841 2060 986 2093 sanguine

635 2093 737 2121 Rubra
756 2095 858 2123 mundi
878 2098 987 2124 transit
1005 2098 1080 2126 freta

671 2132 734 2159 Tuo
754 2133 870 2169 fulgens
890 2137 1019 2170 nomine,

712 2170 864 2207 Georgius.

603 2262 646 2293 10.
686 2263 731 2294 De
749 2265 857 2296 sancto
879 2265 1073 2300 Leonhardo.

184 2338 244 2372 1a.
273 2338 436 2373 Glorietur
460 2342 547 2374 orbis
571 2345 669 2386 totus,
869 2347 928 2382 lb.
954 2349 1055 2382 Omne
1080 2351 1226 2385 discedat
1251 2356 1423 2389 molestum

269 2387 467 2433 Leonardus,
491 2390 562 2423 Deo
585 2395 690 2431 notuS,
953 2397 997 2429 Et
1021 2399 1062 2430 ad
1085 2399 1249 2434 Leonardi
1278 2402 1398 2436 festum

316 2436 386 2468 Iam
410 2441 524 2478 regnat
546 2439 582 2474 in
604 2440 717 2480 gloria.
1000 2446 1099 2480 Nulla
1124 2448 1232 2482 desint
1256 2452 1388 2492 gaudia.
