1651 2700
658 121 822 157 —241
876 142 920 146 —

529 218 561 251 9.
589 218 819 259 Unusquisque
844 220 887 252 sit
911 223 1044 260 paratus

586 266 710 298 Actans
734 266 818 299 bene
843 277 901 299 sua
925 267 1012 301 facta

586 314 755 347 Altissimo
781 312 919 360 sit[que]
945 319 1055 357 gratus

583 361 657 393 Non
680 370 741 403 per
764 363 874 404 verba,
901 364 959 396 sed
983 373 1043 405 per
1068 368 1152 405 acta,

583 408 644 450 Ne,
673 418 744 442 cum
769 410 858 443 Deus
885 411 926 443 sit
954 412 1067 452 iratus,

583 457 626 489 Ei
651 458 758 490 anima
783 459 828 490 sit
851 462 956 499 rapta.

116 577 134 608 9
165 538 227 606 52,
244 538 262 567 2
283 543 330 569 est
350 542 435 569 cinis.
458 556 496 560 —
525 538 552 574 3,
576 539 594 568 2
614 543 667 579 qui
686 551 756 571 non.
776 557 815 561 —
838 540 865 577 3,
887 541 904 570 6
925 543 1090 572 adhaeruit.
1120 559 1159 563 —
1185 541 1211 579 8,
1234 542 1251 573 3
1272 547 1401 573 novitur.
1415 559 1458 566 -ω

136 599 143 614 ,
204 588 256 608 sis.

418 654 464 685 87.
505 654 644 693 Hymnus
668 654 705 687 de
726 655 908 692 cognitione
931 656 964 687 et
983 655 1152 697 regimine.

128 743 160 778 1.
187 745 217 776 A
243 748 400 786 tempore,
428 754 490 785 quo
516 745 691 788 nascimur,

187 792 303 825 Sumus
328 802 387 825 nos
414 793 672 835 peregrinantes,

190 840 348 873 Viventes
373 841 460 873 mala
485 841 626 882 patimur

185 888 231 921 Et
257 889 333 921 dum
358 898 467 921 sumus
491 889 705 931 ambulantes,

187 936 264 978 Sed,
283 946 341 969 nos
360 946 431 969 cum
449 938 568 970 mundo
586 938 752 978 morimur,

188 984 257 1017 Nos
285 984 446 1017 efficimur
470 986 641 1018 laetantes.

157 1106 164 1114 .
191 1080 275 1113 Dum
303 1081 374 1121 quis
397 1081 487 1121 vivit,
515 1090 577 1113 non
604 1080 752 1121 quiescit,

186 1128 252 1161 Sed
279 1128 322 1160 ad
347 1128 491 1160 laborem
516 1131 681 1170 properat,

184 1176 289 1208 Homo
315 1179 502 1216 pugnatque
526 1175 657 1214 litescit‚

183 1223 297 1256 Donec
322 1224 364 1256 ad
391 1223 494 1255 Deum
521 1223 643 1261 redeat,

183 1271 270 1304 Deus
297 1272 435 1303 animam
463 1272 623 1303 concessit

180 1319 226 1352 Et
253 1329 322 1351 eam
349 1320 391 1352 ad
417 1329 452 1351 se
477 1323 619 1352 revocat.

147 1441 155 1449 .
182 1415 250 1447 Nos
276 1416 432 1458 homines,
460 1416 536 1448 dum
562 1416 710 1455 vivimus,

185 1463 367 1496 Gravamur
391 1473 449 1496 nos
475 1464 652 1505 laboribus,

182 1511 250 1544 Nos
276 1512 395 1544 multas
422 1521 515 1544 curas
540 1521 691 1554 gerimus,

182 1558 370 1600 Affligimur
396 1560 573 1600 doloribus,

180 1607 245 1640 Per
269 1608 381 1640 horam
406 1618 471 1641 non
494 1609 688 1649 quiescimus

180 1656 367 1697 Pugnantes
392 1657 426 1688 in
451 1657 614 1697 operibus

140 1778 148 1787 .
175 1752 244 1785 Nos
272 1756 361 1785 certe
385 1762 456 1785 cum
482 1753 690 1785 dissolvimur

177 1801 238 1834 Vel
264 1810 323 1834 nos
349 1802 448 1834 simus
475 1801 659 1838 morientes,

175 1850 230 1882 Ad
256 1851 400 1890 requiem
426 1859 485 1882 nos
511 1850 678 1892 gradimur

174 1898 219 1931 Et
244 1907 303 1931 nos
329 1908 438 1931 sumus
464 1899 678 1940 quiescentes,

175 1948 243 1980 Iam
269 1956 329 1980 nos
355 1949 390 1980 in
415 1948 520 1979 lucem
548 1947 688 1979 labimur

173 1996 204 2028 A
230 1996 374 2036 peccatis
401 1996 603 2030 recedentes

831 748 862 781 5.
890 745 971 778 Cum
996 748 1107 778 noster
1134 749 1183 778 est
1207 747 1368 788 interitus,

888 794 956 827 Nos
984 803 1179 835 occupamur
1204 795 1378 836 vermibus,

887 843 988 875 Redit
1013 844 1056 875 ad
1083 843 1205 875 caelum
1233 844 1365 884 spiritus

886 890 1034 923 Fulcitus
1060 891 1124 923 iam
1149 891 1324 933 nobilibus,

887 938 1054 970 Vitabitur
1082 939 1147 970 iam
1173 940 1321 981 gemitus,

887 985 921 1018 Si
950 996 1008 1019 nos
1034 995 1211 1027 purgamur
1236 987 1399 1021 sordibus.

826 1083 857 1114 6.
884 1081 947 1113 Est
972 1081 1110 1113 humana
1137 1084 1286 1114 creatura

884 1128 1034 1160 Mortalis
1061 1137 1117 1160 seu
1145 1129 1271 1169 debilis,

883 1176 963 1208 Ruit
987 1176 1020 1207 in
1046 1179 1182 1216 peccata
1207 1178 1302 1217 plura

882 1223 928 1256 Et
953 1229 1003 1255 est
1028 1225 1202 1258 admodum
1229 1225 1348 1266 labilis,

883 1272 988 1311 Saepe
1014 1275 1123 1304 manet
1146 1273 1180 1304 in
1207 1282 1361 1313 pressura

881 1319 975 1351 Licet
1002 1316 1072 1365 [sit]
1097 1321 1203 1361 primo
1229 1321 1358 1355 nobilis.

825 1416 857 1450 7.
887 1415 1100 1448 Currentibus
1125 1418 1159 1448 in
1186 1418 1292 1450 stadio

881 1463 965 1496 Nam
992 1464 1140 1497 bravium
1167 1466 1370 1506 conceditur,

881 1511 1089 1545 Certantibus
1113 1513 1148 1545 in
1174 1514 1297 1554 proelio

880 1560 1027 1592 Victoria
1052 1561 1217 1602 tribuitur,

876 1608 1108 1649 Laboransque
1133 1610 1168 1641 in
1191 1611 1328 1651 praedio

878 1656 945 1688 Iam
972 1665 1105 1689 munere
1130 1658 1316 1692 laetabitur.

817 1752 850 1785 8.
877 1754 1061 1793 Antequam
1087 1754 1186 1786 simus
1212 1758 1349 1797 veteres,

874 1801 942 1833 Nos
968 1801 1011 1834 ad
1036 1801 1142 1834 Deum
1166 1803 1351 1846 redeamus,

875 1850 1059 1890 Antequam
1086 1851 1185 1883 simus
1212 1852 1346 1896 debiles,

878 1897 948 1930 Deo
975 1903 1086 1931 nostro
1113 1900 1300 1939 serviamus,

875 1944 983 1978 Simus
1010 1948 1151 1990 contriti,
1178 1949 1325 1992 humiles,

876 1994 1011 2035 Semper
1037 1997 1139 2029 Deum
1166 1997 1348 2031 timeamus.

347 2098 395 2130 88.
437 2099 578 2138 Hymnus
602 2098 686 2129 alius
709 2097 747 2129 de
769 2096 950 2138 cognitione
973 2099 1006 2129 ct
1026 2098 1195 2139 regimine.

142 2215 149 2222 .
177 2188 246 2221 Nos
272 2189 437 2221 nascimur
462 2192 495 2221 et
520 2189 675 2221 morimur

176 2237 222 2270 Et
247 2237 290 2270 ad
316 2240 436 2270 terram
465 2237 664 2269 declinamus

171 2285 216 2318 Et
242 2285 350 2319 subito
375 2295 435 2318 nos
461 2286 617 2326 rapimur,

172 2334 267 2368 Omni
295 2334 348 2367 die
373 2344 433 2367 nos
459 2343 642 2376 peccamus,

172 2383 243 2415 Iam
268 2391 327 2415 nos
353 2383 395 2416 ad
422 2383 527 2416 Deum
553 2383 732 2424 gradimur,

174 2431 208 2464 Si
234 2431 386 2464 timentes
412 2432 499 2464 hunc
525 2441 679 2464 amamus.

154 2490 298 2519 Dreves,
315 2490 441 2514 Boncore
458 2490 492 2514 do
509 2490 613 2514 Sancta
633 2489 760 2513 Victoria.

817 2190 850 2222 2.
876 2188 929 2221 Ex
956 2192 1094 2228 quatuor
1117 2190 1289 2221 contrariis

878 2236 946 2268 Nos
969 2245 1116 2268 creamur
1142 2237 1318 2280 elementis,

878 2284 1155 2325 Discordibusque
1180 2285 1290 2327 variis,

878 2332 950 2364 Non
977 2331 1153 2366 fundamur
1178 2333 1401 2376 firmamentis,

877 2380 1060 2413 Gravamur
1082 2390 1179 2422 saepe
1205 2383 1380 2426 scandalis,

877 2428 991 2461 Sumus
1017 2438 1148 2470 semper
1171 2432 1205 2463 in
1231 2431 1413 2465 tormentis,

1232 2487 1267 2517 16
