1651 2700
693 137 952 172 —223—

171 233 204 266 3.
230 231 275 264 Hi
301 232 392 273 quasi
418 235 491 264 sunt
517 233 655 274 angelici
865 236 898 269 4.
925 236 969 269 Hi
993 245 1071 268 voce
1095 236 1284 269 incessabili

230 281 270 313 In
297 281 386 313 caelo
411 289 481 313 cum
509 280 645 320 deliciis,
926 282 1121 324 Ganuntque-
1140 285 1208 317 Deo
1233 284 1381 326 iubilant,

229 329 268 361 In
292 329 396 369 gloria
422 328 591 361 domestici
924 332 963 363 In
989 335 1086 364 cantu
1108 332 1300 373 peramabili

229 376 378 410 Fuerunt
399 377 522 418 absque
547 376 646 417 vitiis,
925 380 994 419 Ipsi
1019 379 1126 412 Deum
1150 384 1295 415 sanctum
1320 380 1456 413 laudant

230 426 270 458 In
295 426 449 466 paradiso
476 425 595 458 cantici
927 427 1116 468 Virtuteque
1141 429 1284 461 mirabili

232 473 314 506 Cum
340 473 487 506 maximis
511 473 656 506 laetitiis,
924 474 1135 507 Altissimum
1154 476 1348 516 glorificant.

517 582 548 612 5.
576 578 676 618 Quam
702 578 820 611 nobilis
846 579 1025 622 virginitas,

577 626 646 666 Qua
671 626 815 667 odorque
840 627 1009 669 munditia,

576 676 676 716 Quam
704 674 848 707 virtuosa
874 675 1016 718 castitas,

576 724 645 763 Qua
669 723 783 766 victor,
811 732 875 764 qua
899 724 1045 767 victoria,

576 771 678 811 Quam
703 772 960 804 commendanda
984 772 1138 813 parcitas,

577 820 646 860 Qua
672 819 761 852 venit
786 820 995 853 continentia.

599 946 648 978 59.
688 946 825 986 Hymnus
847 946 885 977 (le
907 945 1042 977 doctore.

169 1048 202 1082 1.
227 1047 352 1080 Doctor
375 1047 438 1079 iste
462 1049 635 1079 veneretur
864 1048 896 1079 2.
922 1045 1045 1078 Doctus
1073 1045 1251 1078 doctrinam
1278 1044 1388 1077 docuit

224 1096 257 1128 A
283 1094 406 1127 cunctis
430 1095 465 1126 in
490 1094 637 1136 ecclesia,
924 1093 1039 1126 Sacras
1065 1092 1244 1132 scripturas
1269 1092 1440 1135 luminans,

225 1143 306 1176 Eius
332 1141 452 1174 festum
477 1142 669 1184 celebretur,
921 1141 973 1173 Ex
997 1149 1034 1173 eo
1056 1139 1139 1172 fides
1166 1141 1283 1172 claruit

225 1191 263 1223 In
289 1193 402 1223 nostra
426 1190 470 1222 sit
493 1190 661 1231 memoria,
925 1190 1100 1229 Ipsamque
1125 1191 1254 1222 sanctus
1279 1196 1446 1229 reparanS‚

226 1239 257 1271 A
281 1234 433 1271 fidelibus
458 1240 592 1281 ametur,
922 1236 1014 1276 Quod
1035 1236 1108 1276 ipse
1134 1239 1285 1268 constans
1310 1236 1432 1279 statuit,

226 1286 291 1319 Hic
317 1286 431 1327 dignus
457 1286 563 1329 laude,
590 1285 703 1327 gloria.
921 1284 1064 1317 Tenetur
1088 1284 1160 1316 iure
1185 1293 1375 1317 consonans.

515 1393 547 1425 3.
573 1392 652 1425 Fuit
676 1392 731 1424 hic
755 1392 787 1424 in
814 1391 883 1424 vita
908 1395 1039 1423 sanctus

573 1441 618 1473 Et
641 1442 728 1472 totus
754 1439 808 1472 hic
833 1439 1010 1472 catholicus

571 1490 622 1521 Ac
649 1488 786 1521 dilectus
812 1488 881 1520 eius
908 1490 1031 1529 cantus,

572 1535 652 1569 Fuit
678 1536 826 1569 docendo
851 1535 991 1578 validus,

572 1585 635 1618 Est
656 1585 692 1617 in
717 1585 807 1617 caelo
833 1584 901 1618 eius
925 1585 1064 1626 mantus,

570 1633 616 1666 Et
640 1632 745 1665 factus
771 1635 821 1665 est
846 1632 1021 1673 angelicus.

568 1758 616 1790 60.
657 1758 795 1798 Hymnus
817 1757 855 1789 de
877 1756 1065 1789 confessore.

102 1857 105 1860 ’
166 1863 196 1896 1.
225 1862 362 1895 Sanctus
387 1862 450 1894 iste
476 1859 643 1894 confessor
860 1860 893 1894 3.
920 1861 1113 1894 Peccatores
1139 1860 1246 1901 arguit

224 1910 356 1944 Domini
379 1913 527 1944 sacratus
918 1909 1025 1941 Malos
1051 1909 1262 1951 increpando,

224 1958 465 2000 Doctrinaeque
489 1957 664 2001 professor,
919 1957 995 1998 Ipse
1020 1956 1113 1989 bonis
1139 1957 1255 1990 adnuit

223 2008 382 2051 Prudens,
409 2008 607 2053 moderatus,
914 2006 1014 2038 Malis
1039 2006 1211 2048 obviando,

224 2057 396 2090 Sollemnis
420 2055 639 2097 praedicator,
918 2054 989 2087 Deo
1013 2055 1101 2095 patri
1126 2054 1235 2095 paruit

224 2105 310 2139 Satis
336 2105 406 2137 Deo
432 2108 554 2146 gratus.
917 2103 1019 2136 Fidos
1044 2103 1232 2135 relevando.

162 2216 195 2248 2.
221 2213 287 2247 Hic
312 2212 424 2246 devios
450 2211 593 2251 reduxit,
859 2210 893 2243 4.
919 2210 1070 2250 Namque
1095 2209 1200 2242 Deum
1226 2209 1347 2243 amavit

219 2263 328 2296 Bonos
355 2260 560 2303 confort-avit,
917 2259 1093 2299 Ipsumque
1119 2257 1235 2291 dilexit

219 2311 284 2345 Hic
310 2310 458 2343 contritis
482 2309 629 2352 indulsit,
918 2308 970 2339 Ac
994 2306 1139 2339 moribus
1164 2305 1304 2349 ornavit,

219 2361 314 2403 Ipsos
340 2358 553 2399 confirmavit,
917 2354 1081 2388 Humilem
1107 2354 1262 2398 respexit,

219 2407 437 2442 Peccantibus
461 2406 614 2449 iniunxit,
918 2404 1051 2436 Honore
1077 2403 1253 2442 coronavit,

218 2457 328 2490 Vitam
353 2455 532 2489 renovavit.
920 2452 1065 2485 Gloriam
1090 2452 1247 2493 porrexit.
