1651 2700
729 125 994 160 -196—

572 231 613 262 16.
655 230 789 269 Hymnus
812 228 894 260 alius
915 236 1014 269 super
1036 226 1153 258 eodem.

219 324 251 357 1.
278 324 327 356 Tu
354 332 386 355 es
411 330 496 363 vere,
522 322 610 353 recte
634 321 773 359 sanctus,

275 373 393 405 Puram
419 370 536 402 docens
561 368 740 407 veritatem,

277 419 327 452 Tu
351 418 457 451 suavis
482 417 544 450 Dei
568 418 688 459 cantus,

278 466 418 499 Praebes
443 468 478 496 tu
500 464 743 505 iucunditatem,

278 514 328 546 Tu
352 513 484 553 spiritus
506 512 681 552 paraclitus

278 561 375 594 Lucis
401 560 508 592 ferens
533 559 722 591 claritatem.

227 658 258 689 2.
285 657 335 689 Tu
358 656 479 689 munda
501 664 559 687 nos
584 654 716 686 tristitia

279 705 310 737 A
336 703 560 744 praesentique
584 701 702 742 futura,

281 751 426 784 Iucunda
450 759 507 783 nos
532 749 666 790 laetitia,

279 799 365 838 Quae
388 798 432 831 sit
456 806 582 837 semper
608 797 772 838 duratura,

278 846 443 878 Moremm·
465 845 499 877 in
524 844 690 884 munditia,

280 894 399 926 Anima
426 893 469 924 sit
491 893 660 924 laetatura.

222 988 254 1022 3.
281 988 330 1020 Tu
355 988 513 1020 hominem
537 987 710 1027 illuminas,

280 1036 390 1075 Ipsum
416 1035 527 1067 reddis
553 1032 760 1066 reformatum

282 1083 393 1122 Tuque
417 1082 577 1114 hominem
601 1079 821 1121 transformas,

281 1130 376 1163 Facis
403 1138 472 1161 eum
498 1129 690 1171 ordinatum,

282 1178 345 1210 Pro
371 1176 541 1208 virtutibus
568 1184 740 1218 expugnas,

281 1224 377 1257 Facis
401 1224 558 1256 hominem
583 1224 747 1255 laetatum.

223 1320 256 1353 4.
282 1319 351 1351 Iam
377 1322 478 1350 cessat
503 1318 572 1358 quis
598 1327 617 1349 a
640 1317 738 1356 vitiis,

284 1366 362 1398 Cum
388 1368 437 1398 est
458 1366 491 1397 in
517 1368 627 1397 sancto
652 1365 777 1408 spiritu,

280 1414 335 1454 Et,
360 1414 385 1445 si
413 1415 462 1445 est
483 1413 518 1445 in
544 1413 610 1444 eius
636 1413 707 1456 viis,

282 1461 351 1493 Iam
378 1465 464 1493 caret
489 1460 558 1500 quis
584 1460 726 1500 interitu,

282 1508 372 1547 Quod
396 1517 458 1540 non
483 1508 637 1539 adhaeret
659 1507 777 1547 impiis,

281 1556 348 1588 Iam
373 1564 433 1587 non
461 1558 612 1596 gravatur
636 1555 763 1596 gemitu.

906 319 938 351 5.
965 318 1014 350 Tu
1039 317 1174 358 piusque
1199 315 1394 356 misericors,
1465 354 1468 357 Ι

962 366 1012 398 Tu
1035 360 1295 406 miserator[que]
1323 362 1462 394 clemens

964 414 1010 446 Et
1034 416 1069 445 tu
1094 421 1168 444 vero
1195 413 1307 443 sancta
1333 410 1456 452 cohors,

965 462 1014 494 Tu
1039 461 1123 501 veni,
1150 459 1194 492 sis
1221 467 1278 491 nos
1305 460 1487 500 protegens,

963 509 1013 542 Tu
1039 507 1136 541 facito
1161 516 1218 539 nos
1241 506 1372 547 liberos,

964 557 1056 597 Veni,
1083 558 1249 597 protector
1277 554 1423 595 diligens.

910 653 942 689 6,
968 652 1017 684 Tu
1043 649 1242 684 confortator
1267 658 1456 691 pauperum,

963 700 1013 732 Tu
1039 708 1096 731 nos
1122 699 1258 730 reducas
1285 698 1404 739 devios,

963 747 1013 779 Tu
1039 755 1072 778 es
1097 750 1228 778 sanator
1252 746 1431 787 vulnerum,

964 795 1013 827 Tu
1038 793 1120 826 fidos
1146 794 1252 826 salvas
1277 793 1425 834 populos,

964 842 1013 874 Tu
1038 841 1212 874 luminator
1238 841 1392 881 cordium,

962 890 1011 922 Tu
1036 889 1138 922 redde
1163 897 1220 921 nos
1245 888 1430 921 benevolos.

912 986 943 1017 7.
969 985 1068 1024 Quem
1094 982 1174 1015 facit
1194 985 1323 1015 sanctus
1349 982 1483 1023 spiritus

964 1032 1019 1064 Ad
1044 1039 1183 1063 amorem
1207 1029 1407 1062 inflamma-re

965 1079 1009 1111 Et
1035 1078 1114 1111 facit
1138 1087 1229 1118 quem
1257 1078 1410 1111 divinitus

965 1127 1019 1158 Ad
1042 1127 1195 1158 virtutem
1220 1124 1407 1168 reformare,

965 1173 1135 1206 confortat
1159 1182 1251 1214 quem
1275 1174 1309 1205 in
1334 1173 1446 1205 melius

964 1222 1009 1253 Et
1034 1230 1127 1261 quem
1150 1220 1230 1253 facit
1254 1221 1411 1261 regulare.

906 1317 936 1350 8.
963 1316 1013 1348 Tu
1037 1316 1180 1347 homines
1205 1314 1358 1356 pacificas

962 1363 1007 1395 Et
1033 1363 1209 1403 exstinguis
1236 1365 1324 1395 certe
1348 1364 1431 1407 lites,

963 1411 1012 1443 Tu
1035 1411 1179 1443 homines
1205 1410 1358 1455 vivificas,

963 1457 1060 1490 Facis
1087 1458 1284 1499 humilesque
1308 1460 1412 1499 mites,

963 1506 1013 1538 Tu
1037 1506 1180 1538 homines
1204 1505 1364 1547 glorificas

961 1551 1005 1585 Et
1031 1551 1104 1597 [his]
1131 1554 1241 1586 reddis
1266 1554 1367 1587 bonos
1393 1554 1484 1588 fines.

559 1651 590 1683 9.
618 1651 667 1682 Tu
686 1650 780 1690 pellis
806 1652 920 1681 cuncta
945 1649 1032 1691 odia,

616 1698 728 1730 Nutris
754 1706 893 1729 amorem
920 1697 1070 1740 proximi,

617 1746 667 1777 Tu
691 1745 798 1787 reples
820 1744 902 1777 fidos
928 1744 1043 1785 gratia,

614 1793 660 1825 Es
684 1794 786 1826 virtus
811 1794 847 1824 tu
872 1792 1078 1834 sanctissimi,

617 1840 667 1872 Tu
691 1850 748 1873 nos
775 1849 890 1873 corona
915 1840 1019 1881 gloria

618 1889 656 1920 ln
682 1897 779 1930 regno
804 1888 1030 1929 potentissimi.

280 1970 307 2006 2,
329 1970 345 1999 6
366 1974 418 2000 sic.
437 1987 450 1991 -
468 1987 476 1991 -
495 1971 522 2007 9,
542 1970 559 2000 ἓ
579 1972 660 2001 fides.

565 2083 605 2115 17.
645 2084 782 2123 Hymnus
802 2083 910 2116 brevis
932 2084 968 2116 de
988 2084 1155 2116 Trinitate.

223 2173 256 2205 1.
282 2173 320 2205 In
346 2173 490 2205 trinitate
514 2174 619 2206 unitas

275 2221 321 2253 Et
344 2230 470 2262 unaque
495 2222 643 2263 essentia,

277 2268 314 2301 In
340 2269 485 2301 trinitate
508 2270 627 2302 veritas

275 2316 321 2348 Et
344 2326 470 2357 unaque
493 2317 681 2361 substantia,

275 2364 315 2397 In
337 2364 483 2397 trinitate
507 2365 632 2399 bonitas

273 2412 320 2444 Et
343 2421 527 2454 summaque
550 2414 705 2454 potentia,

895 2176 936 2219 2.
962 2175 1001 2208 In
1026 2175 1098 2216 ipsa
1123 2186 1185 2210 una
1211 2177 1325 2219 deitas,

962 2223 1180 2265 Maiestasque
1208 2226 1387 2270 clementia,

960 2272 1000 2304 In
1026 2280 1063 2304 ea
1089 2275 1137 2304 est
1158 2273 1313 2306 identitas

958 2319 1004 2351 Et
1027 2329 1150 2353 summa
1174 2323 1344 2366 sapientia,

961 2368 1000 2400 In
1024 2368 1097 2408 ipsa
1123 2371 1339 2411 coaequalitas

961 2415 1152 2461 Communis,
1179 2419 1363 2455 individua.
