1651 2700
729 128 990 163 —244—

469 222 510 254 91.
540 222 676 262 Hymnus
701 221 738 253 de
758 221 937 253 condicione
957 220 1042 253 senis
1064 221 1097 252 et
1116 219 1253 252 iuvenis,

220 314 253 347 1.
280 313 363 345 Dum
391 316 498 345 manet
522 313 616 344 homo
640 312 775 353 invenie,

280 361 330 393 Sit
352 361 452 393 bonos
479 369 586 393 mores
611 369 818 402 prosequens,

279 409 329 442 Sit
352 408 524 451 virtuosus,
551 408 680 447 nobilis,

275 459 305 488 A
330 456 417 488 vitiis
443 464 478 487 se
503 456 677 497 abstinens,

281 504 345 536 Hic
369 507 537 544 antequam
563 504 606 535 sit
632 504 756 546 debilis,

283 551 447 585 Contritus
472 552 578 591 sitque
602 552 780 591 paenitens.

221 649 252 680 2.
280 647 383 679 Homo
409 656 506 679 senex
532 649 582 679 vel
608 646 762 687 infirmus,

275 696 335 734 Qui
360 704 423 726 non
448 698 561 734 potest
584 695 648 726 iam
672 702 817 734 peccare,

279 742 343 774 Hic
368 742 484 774 exinde
508 751 571 774 non
598 746 646 773 est
672 742 795 783 dignus,

279 790 338 829 Qui
362 798 397 821 se
421 789 525 829 possit
548 790 611 821 iam
637 790 772 828 salvare,

279 836 354 877 Sed,
375 837 448 869 dum
467 846 572 876 sanus,
593 835 696 877 fortis,
714 836 834 877 firmus,

246 915 249 918 .
281 884 378 916 Curet
401 884 503 916 Deum
531 885 584 916 hic
609 893 726 917 amare.

245 1006 251 1012 .
278 979 381 1011 Homo
407 982 498 1011 actus
524 980 565 1011 ad
588 980 786 1019 peccandum

280 1027 460 1069 Abstineat,
488 1027 647 1059 contineat

274 1074 319 1106 Et
355 1075 399 1105 sit
423 1078 571 1106 constans
597 1075 638 1106 ad
664 1074 836 1106 amandum

280 1121 447 1162 Deumque
468 1122 573 1162 ipsum
600 1123 720 1162 timeat,

280 1169 375 1201 Illum
402 1174 479 1208 puto
504 1169 567 1201 iam
593 1170 792 1208 salvandum,

281 1215 315 1247 Si
340 1214 426 1248 Deus
451 1217 555 1256 ipsum
582 1217 708 1257 dirigat.

248 1338 254 1345 .
283 1311 387 1343 Senex
410 1312 474 1343 iam
497 1320 577 1351 puer
602 1312 744 1343 nascitur

282 1359 449 1398 I-'urusque
473 1360 619 1401 mundus,
648 1359 810 1400 innocens,

282 1406 394 1438 Clarus
420 1407 461 1438 ad
487 1407 591 1439 Deum
616 1407 772 1449 graditur,

283 1454 342 1492 Qui
368 1457 417 1485 est
440 1454 473 1485 in
498 1455 569 1485 luce
594 1463 794 1495 permanens,

283 1500 386 1532 Senex
410 1505 445 1532 ut
470 1510 550 1541 puer
575 1502 732 1543 redditur,

280 1548 325 1580 Ut
349 1549 391 1579 sit
415 1549 456 1580 ad
478 1549 580 1580 Deum
606 1549 744 1582 rediens.

246 1669 253 1676 .
282 1644 358 1675 oum
385 1647 434 1675 est
457 1653 555 1676 senex
583 1645 713 1676 vitiosus

278 1690 320 1722 Se
344 1691 386 1723 ad
410 1691 514 1723 Deum
539 1702 601 1724 non
628 1693 795 1732 reducens,

277 1738 377 1770 Totus
404 1742 452 1770 est
475 1740 684 1780 perniciosus,

277 1785 398 1818 Dolens
421 1787 482 1818 erit
507 1791 593 1819 certe
618 1789 718 1831 luens,

279 1833 328 1865 Sit
352 1835 503 1866 reductus
529 1835 700 1877 virtuosus,

277 1882 429 1922 Alioquin
456 1887 541 1915 certe
565 1892 670 1918 ruens,

933 314 965 346 6.

907 1647 962 1679 10.

993 312 1097 344 Senex
1122 311 1216 343 homo
1241 310 1319 351 quid
1343 309 1504 351 turbatur,

991 360 1024 393 Si
1049 360 1092 392 ad
1116 368 1276 391 recessum
1302 356 1503 400 praeparat?

989 408 1108 440 Factus
1135 410 1193 449 est,
1219 409 1256 438 ut
1280 407 1454 438 reducatur

989 456 1042 488 Ad
1068 456 1183 497 locum,
1210 455 1297 486 uude
1322 456 1465 495 venerat,

989 504 1136 535 Prudens
1166 511 1201 534 se
1225 502 1253 534 si
1279 502 1525 541 contemplatur,

988 551 1052 582 Hic
1078 551 1118 583 de
1143 559 1273 582 recessu
1298 551 1448 591 gaudeat.

955 671 963 679 .
990 647 1073 684 Quid
1097 647 1290 679 involvimur
1314 644 1510 678 mundanis?

989 694 1070 726 Sunt
1094 695 1176 726 enim
1203 704 1286 726 vana
1311 694 1457 733 vanitas3

990 742 1071 781 Quid
1099 742 1279 781 decipimur
1304 751 1362 773 nos
1389 739 1506 774 vanis?

987 789 1025 822 In
1053 789 1098 821 eis
1125 793 1173 821 est
1197 789 1390 830 adversitas,

988 837 1049 869 Est
1074 838 1106 868 111
1133 837 1222 868 caelo
1247 846 1388 868 summus
1414 836 1510 876 panis

987 884 1033 916 Et
1057 884 1219 916 hominum
1245 883 1397 916 felicitas.

955 1005 962 1012 .
990 979 1113 1018 Quanto
1140 980 1211 1019 plus
1229 980 1348 1011 mundo
1367 980 1526 1021 vivamuS,

988 1028 1092 1059 Tanto
1117 1028 1218 1067 magis
1242 1036 1301 1059 1103
1327 1036 1507 1068 peccamus,

989 1075 1058 1106 Nos
1082 1075 1115 1106 in
1142 1079 1276 1114 peccata
1301 1076 1434 1115 ruimus,

988 1123 1078 1154 Mala
1100 1123 1193 1154 malis
1220 1123 1427 1164 cumulamus,

989 1169 1171 1208 Laetemur,
1198 1170 1227 1201 si
1251 1171 1442 1207 recedimus,

990 1217 1057 1249 Nos
1082 1218 1260 1257 prudenter
1283 1218 1479 1250 incedamus.

957 1338 964 1345 .
991 1313 1225 1353 cognoscamus
1251 1323 1308 1345 nos
1332 1323 1486 1354 peccasse

990 1361 1021 1392 A
1047 1361 1188 1400 peccatis
1213 1362 1413 1402 recedentes,

995 1409 1076 1441 Sunt
1097 1408 1235 1440 offensae
1256 1414 1386 1441 nostrae
1405 1418 1526 1450 cassae,

989 1455 1023 1488 Si
1044 1465 1102 1488 nos
1128 1466 1237 1488 sumus
1262 1458 1476 1497 paenitentes,

988 1503 1077 1535 Deus
1103 1505 1236 1536 mandat
1259 1505 1366 1537 salvos
1393 1514 1463 1537 esse

988 1552 1043 1583 Ad
1069 1560 1104 1582 se
1130 1557 1261 1585 cunctos
1286 1554 1470 1585 redeuntes.

989 1647 1174 1688 Videamus,
1201 1648 1384 1688 audiamus,

986 1694 1059 1726 Non
1085 1695 1183 1727 simus
1206 1697 1304 1738 tardi,
1332 1697 1471 1738 desides,

986 1742 1054 1774 Nos
1080 1743 1121 1775 ad
1145 1743 1248 1775 Deum
1275 1745 1445 1778 redeamus

986 1790 1031 1822 Et
1055 1791 1154 1822 simus
1180 1801 1309 1832 semper
1333 1794 1459 1837 vigiles,

986 1838 1056 1870 Deo
1081 1843 1192 1871 nostro
1218 1841 1407 1880 serviamus,

988 1886 1061 1918 Non
1086 1888 1186 1919 simus
1212 1898 1270 1920 nos
1295 1890 1511 1923 immemores.

333 1964 347 1993 1
371 1967 493 2000 Quando
516 1970 618 2004 magii.
639 1984 677 1988 -
700 1967 725 2003 9,
748 1967 765 1997 3
785 1972 905 1998 nostrae
926 1978 1007 1998 eaxe.

653 2081 700 2112 92.
741 2082 879 2121 Hymnus
901 2082 939 2114 de
960 2083 1075 2115 eodem.

221 2169 252 2202 1.
281 2168 400 2201 Vivens
425 2179 538 2210 parum
562 2174 652 2203 vetus
678 2173 751 2215 eris,

273 2217 361 2249 Ante
386 2221 512 2258 tempus
537 2222 570 2250 te
596 2220 756 2259 dispones,

281 2263 352 2296 Non
382 2266 523 2309 durabis,
549 2268 707 2307 morieris,

276 2311 399 2344 Perdes
424 2316 459 2345 tu
484 2316 713 2358 possessiones,

277 2359 392 2392 <joram
417 2361 486 2394 Deo
512 2372 577 2394 non
601 2364 724 2395 vereris

278 2407 440 2446 Quaerens
468 2409 530 2442 Dei
555 2411 745 2444 mansiones,

911 2174 943 2207 2.

972 2173 1067 2206 Certe
1093 2177 1184 2215 quasi
1208 2178 1310 2210 nubes
1337 2180 1420 2211 caeli

968 2221 1014 2253 Et
1038 2232 1121 2263 aqua
1145 2225 1258 2257 labens
1282 2224 1433 2267 fluminis,

970 2269 1069 2302 Velut
1093 2273 1200 2303 terrae
1224 2273 1315 2305 nives
1341 2275 1404 2314 geli

969 2317 1023 2348 Sic
1047 2318 1117 2350 vita
1138 2321 1246 2352 brevis
1272 2321 1420 2364 hominis,

969 2365 1074 2404 Saepe
1098 2365 1171 2398 finit
1195 2366 1282 2400 ferro
1308 2370 1367 2401 teli

967 2410 1085 2443 infelix
1111 2422 1219 2446 semen
1245 2417 1386 2451 seminis.
