1651 2700
697 139 957 174 —10‘8—

322 238 352 268 5.
380 236 461 273 Heu,
488 235 618 275 leprosa
643 244 727 276 caro,
754 236 863 276 privas
889 245 939 268 me
965 244 1096 267 munere
1124 243 1208 275 caro,

380 283 496 323 Optato
524 283 621 323 caelo,
648 292 711 315 non
735 283 797 316 hoc
822 284 921 324 igitur
941 283 1000 316 tibi
1028 284 1105 323 celo,

380 330 413 363 Si
440 330 497 362 sub
524 331 619 363 sorde
643 339 763 374 manes,
790 332 895 363 sociae
920 331 1058 364 Satanae
1083 330 1143 362 tibi
1166 337 1288 361 manes.

377 378 430 410 Ad
456 379 619 411 lavacrum
645 379 730 411 vitae
757 388 897 418 currens,
924 382 1010 419 peto,
1040 379 1143 418 dirige
1165 378 1198 410 vi
1223 380 1265 412 te,

378 426 416 458 In
443 435 504 466 quo
530 430 562 457 te
587 427 706 459 munda
730 427 875 470 lacrima,
903 427 968 468 iugi
993 435 1090 467 prece
1114 425 1244 457 munda.

300 474 354 506 10.
382 473 478 514 Ecce,
505 473 592 505 Deus
617 477 745 513 praesto
775 475 869 507 dicit:
899 475 1023 507 veniam
1049 474 1108 505 tibi
1134 477 1273 513 praesto,

377 521 571 562 Percutiam,
598 531 674 554 sano
701 520 824 554 facinus
849 523 1060 554 medicamine
1086 530 1173 553 sano.

377 568 463 600 Hinc
487 577 586 612 geme,
613 567 691 601 flens
718 578 785 610 ora,
812 570 909 605 lania,
936 573 1006 601 tere
1029 573 1071 604 te.
1098 570 1180 609 petit
1206 569 1295 608 hora,

378 615 568 657 Saxigenum
595 626 650 648 cor
676 626 742 659 ara,
769 617 845 649 fidei
870 620 903 649 te
929 617 1064 649 circinet
1088 626 1155 650 ara.

377 663 477 704 Haec,
505 673 587 707 caro,
612 663 672 707 fac,
701 665 792 707 letor,
825 673 884 696 nec
907 668 942 696 tu
967 673 1026 696 nec
1051 673 1107 705 ego
1134 672 1211 695 nece
1237 664 1351 697 laetor.

295 711 349 743 15.
376 711 429 743 Ad
453 721 591 743 nonnum
617 720 728 744 versus
756 713 960 745 Chaloum
986 712 1134 753 scriptito
1161 720 1272 744 versus

374 758 452 790 Octo
479 759 546 799 bis;
575 759 614 791 de
639 768 689 790 me
714 760 828 801 sceluS,
856 768 922 800 oro,
949 762 1053 801 pater,
1081 768 1179 800 prece
1205 759 1309 792 deme.

239 843 263 869 A
286 842 336 869 fol.
360 840 427 870 1212.
445 857 483 861 —
505 844 528 870 Β
549 843 599 870 fol.
620 841 709 871 2121).
727 858 761 862 -—
785 843 807 871 C
828 844 876 871 fol.
899 842 987 871 204a.
1003 858 1040 862 ——
1060 843 1077 871 5
1098 845 1220 880 privans
1242 843 1271 871 G.
1287 857 1325 862 -—-
1347 841 1391 870 16.
1425 843 1486 880 Dei·

165 879 229 906 hier
260 883 407 916 genannte
439 880 547 908 Monch
586 881 729 913 Chalcus,
768 881 842 908 auch
874 881 1039 909 Chalochus
1073 882 1280 917 geschrieben,
1314 890 1377 909 war
1412 879 1485 909 1250*

165 918 335 946 Kammerer
361 918 411 946 des
437 920 538 947 Stiftes
559 919 725 947 Lilieufeld.
766 919 1024 947 XVahrscheinlich
1051 919 1103 947 hat
1131 929 1162 947 er
1194 922 1251 955 „im
1272 919 1374 948 selben
1394 919 1486 947 Jahre

164 956 240 983 noch
261 958 325 984 sein
339 956 408 983 Amt
431 958 486 984 mit
506 957 570 985 dem
591 957 641 985 des
656 956 838 985 Infirmarius
862 958 1037 988 rertauseht,
1059 958 1097 985 cla
1117 958 1193 985 not-h
1210 955 1283 986 1288
1299 959 1347 985 ein
1362 958 1485 985 andere]-

168 994 352 1022 Camerarius
376 995 507 1022 erwsahnt
525 996 607 1029 wird,
628 995 767 1023 wahrend
788 996 838 1023 der
851 995 1034 1023 infirmarius
1050 996 1216 1024 Ohalochus
1237 996 1314 1024 noch
1327 999 1412 1023 unter
1426 996 1487 1023 ΛΜ

168 1031 278 1060 Albero
308 1030 522 1066 (1294——1302)
551 1034 595 1061 als
626 1034 740 1061 soloher
767 1036 898 1070 genannt
923 1031 1022 1062 wird“.
1069 1035 1188 1069 Tobnei·
1213 1035 1232 1061 1.
1262 1043 1285 1062 c.
1314 1043 1341 1070 p.
1370 1033 1396 1061 Γ).
1441 1034 1484 1061 Im

165 1070 335 1107 Nekrologe
362 1079 422 1097 von
441 1071 600 1099 Lilienfeld
626 1072 700 1099 wird
727 1072 816 1105 auch,
844 1081 873 1099 u.
904 1083 924 1099 2.
952 1081 1012 1100 von
1032 1074 1112 1100 einer
1134 1072 1223 1100 Hand
1242 1074 1293 1100 des
1316 1070 1359 1099 14.
1380 1072 1483 1100 Jahrh.

170 1109 373 1144 fingam-agen,
405 1110 452 1136 ein
479 1109 539 1137 Abt
567 1109 662 1137 dieses
689 1110 817 1137 Namens
844 1110 988 1143 erwahnt,
1015 1110 1066 1138 der
1090 1110 1242 1138 vielleioht
1265 1112 1321 1138 mit
1346 1111 1411 1138 dem
1436 1119 1485 1147 ge-

169 1145 293 1173 ‹laehten
319 1146 445 1174 Mouche
473 1147 619 1175 identiseh
645 1149 698 1175 ist:
740 1147 782 1183 „4.
805 1148 907 1176 Octob.
947 1149 1000 1176 Pie
1025 1150 1164 1176 memorie
1187 1148 1366 1182 Ohalochus,
1393 1149 1485 1176 abbas

168 1184 257 1210 huius
278 1181 407 1212 domus.“
446 1185 584 1221 Zeisberg
598 1186 617 1213 1.
633 1194 656 1212 6.
672 1195 699 1221 p.
717 1184 779 1213 154.
850 1187 902 1214 Bei
916 1186 1082 1215 Grillenber
1104 1195 1142 1219 er,
1165 1185 1224 1214 Die
1237 1187 1364 1214 altesten
1377 1188 1485 1214 'roten-

168 1222 279 1249 bucher
308 1222 358 1249 des
388 1222 692 1251 Cistereieuserstiftes
721 1224 900 1260 Wilhering,
933 1224 1008 1252 Graz
1041 1222 1076 1252 18
1098 1222 1129 1258 6,
1160 1225 1275 1252 kommt
1298 1225 1327 1253 S.
1354 1223 1389 1252 67
1419 1234 1485 1252 zum

168 1257 213 1286 21.
234 1260 317 1287 Mfirz
344 1260 394 1288 (161·
413 1260 507 1288 Name
529 1262 656 1289 Chalous
683 1266 714 1289 in
739 1262 790 1289 der
810 1262 994 1299 Sehreibung
1018 1271 1140 1290 unserer
1160 1263 1395 1291 Handschriften
1421 1270 1484 1291 vor.

336 1390 362 1421 8.
403 1391 507 1422 Verba
528 1391 651 1423 animae
673 1391 870 1432 indignantis
894 1393 1003 1423 eontra
1023 1392 1123 1423 vitam
1146 1393 1315 1425 carnalem.

501 1482 710 1514 Versibus
739 1481 1142 1516 differentialibus.

340 1566 468 1599 Crimen
492 1568 580 1599 olens
606 1569 682 1610 vita,
709 1577 774 1603 rea.
800 1569 935 1608 lubrica,
962 1570 1110 1609 squalida
1134 1570 1210 1613 vita,

336 1615 399 1646 Per
423 1615 534 1647 sordes
559 1614 669 1647 foedas
696 1618 728 1647 te
751 1615 889 1656 foedam,
917 1617 1063 1658 sordida,
1089 1616 1212 1661 foedas,

336 1661 400 1693 Per
425 1662 504 1694 viles
531 1664 642 1695 sordes
668 1663 805 1705 salebro,
833 1663 905 1696 faex
931 1665 1075 1706 putrida,
1102 1666 1225 1699 sordes,

336 1710 403 1742 Iam
431 1710 489 1741 tibi
515 1719 572 1742 ceu
597 1710 691 1743 fiores
717 1712 830 1747 violae,
858 1721 942 1753 rosa,
970 1712 1049 1747 lilia..
1077 1711 1182 1754 flores,

304 1781 310 1788 .
340 1756 419 1789 Cras
445 1758 550 1799 cades,
577 1759 662 1791 haud
688 1759 781 1802 laeto,
810 1768 874 1798 rea,
903 1760 1128 1792 consociabere
1152 1761 1236 1800 let03

338 1805 400 1837 Cur
424 1806 554 1838 laetaris
579 1805 684 1838 aede?
709 1810 805 1847 putus
830 1808 864 1839 in
891 1808 1082 1849 phlegmatis
1109 1810 1200 1842 aede.

337 1852 437 1892 Haec,
461 1854 536 1893 quia
560 1858 633 1886 sunt
658 1863 759 1893 cassa,
787 1854 866 1895 fera,
893 1856 1046 1896 marcida,
1074 1857 1230 1900 morbida,
1261 1867 1363 1901 cassa,

336 1900 375 1932 In
401 1901 513 1933 melius
539 1905 625 1933 muta
652 1906 694 1941 te,
721 1903 836 1935 solvito
862 1903 949 1935 labia
975 1907 1073 1937 muta.

336 1948 414 1982 Dic:
439 1949 499 1980 duc
525 1952 614 1981 trans
641 1951 742 1982 maria
767 1951 921 1983 scelerum
950 1960 1009 1990 me,
1037 1952 1126 1993 virgo
1151 1953 1271 1986 Maria.

257 1996 311 2028 10.
339 1995 490 2028 Narraris
517 1995 617 2030 funda
642 1997 760 2038 David,
787 1999 820 2030 in
845 2008 906 2038 me,
934 2009 1014 2039 quae
1040 1999 1134 2041 bona,
1162 1999 1272 2043 funda,

336 2044 391 2075 Me
415 2044 502 2076 vitiis
529 2045 656 2088 munda,
684 2055 767 2086 spes,
797 2047 872 2088 dux,
898 2057 973 2088 nux,
1001 2048 1056 2079 lux
1081 2057 1152 2081 mea
1177 2050 1307 2084 munda.

337 2091 486 2123 Psalterii
514 2093 633 2125 chorda
661 2095 778 2136 suavis,
805 2104 909 2135 purga
933 2104 1004 2127 mea
1029 2096 1138 2136 corda,

336 2138 370 2171 Si
394 2148 446 2171 me
470 2149 532 2172 non
559 2141 681 2182 amiciS‚
709 2141 856 2184 Satanae,
882 2144 974 2185 proh,
1001 2144 1122 2177 subdor
1148 2146 1269 2178 amicis.

334 2186 440 2220 Absit.
492 2187 592 2221 Stella
615 2189 730 2232 nitens,
754 2199 805 2222 me
829 2191 977 2224 sordibus
1005 2192 1110 2231 ablue,
1134 2194 1239 2225 nitens

256 2235 309 2267 15.
336 2235 389 2267 Ad
415 2236 551 2277 veniam,
579 2240 674 2277 porta
700 2237 830 2282 Christi,
858 2248 910 2271 1116
936 2240 1056 2272 caelica
1081 2244 1185 2285 porta,

334 2282 412 2317 Dic:
440 2284 501 2315 hac
526 2284 560 2316 in
584 2285 696 2324 planta
722 2286 786 2327 vili,
814 2285 871 2327 fili,
898 2287 983 2320 bona
1008 2288 1128 2328 planta,

334 2330 406 2362 Hoc
432 2331 554 2364 olidum
579 2333 712 2376 plasma,
740 2332 798 2375 fili,
825 2335 974 2367 redolens
1000 2335 1060 2367 tibi
1084 2336 1219 2375 plasma.

338 2377 391 2409 Sic
415 2382 490 2420 pete
515 2389 686 2422 morosum,
714 2382 828 2413 reddet
854 2391 905 2414 me
928 2387 1043 2422 sponte
1068 2392 1238 2424 morosum,

340 2425 394 2458 Sic
420 2425 516 2458 faciet
541 2429 693 2460 mundum
722 2429 811 2461 dabit
837 2433 867 2461 et
893 2439 944 2462 me
969 2439 1121 2470 spernere
1147 2433 1300 2465 mundum

281 1758 298 1789 ΕΠ
