1651 2700
694 135 951 172 —107—

562 232 600 274 5,
621 232 702 275 Ave,
730 233 804 265 Iesu
830 233 944 277 efficiS,

668 281 727 320 Qui
754 281 795 313 de
820 291 904 323 aqua
928 283 1046 323 vinum,

620 328 685 360 Per
709 337 804 369 posse
829 330 890 362 hoc
914 329 1036 363 sufficis

665 375 791 409 Facere
818 377 982 419 divinum3

618 423 690 466 Eia,
715 424 743 456 si
767 434 821 457 me
845 426 963 468 reficis,

665 472 767 504 Tuum
793 473 880 505 intra
905 474 1009 506 sinum

621 519 672 552 Da
700 520 807 553 laudis
833 521 1023 563 multiplicis

668 568 713 601 Ut
737 568 854 601 intrem
882 570 1051 603 caminum.

229 659 255 687 A
276 659 327 687 fol.
348 658 401 689 Ob.

608 853 635 884 8.
666 853 710 884 De
730 852 879 886 Passione
901 853 1032 886 Domini.

189 1006 196 1014 .
225 980 306 1020 Ave,
335 981 408 1012 Iesu
433 979 480 1013 fili
506 981 578 1021 Dei,

226 1028 274 1060 Te
300 1037 430 1069 quaero,
458 1037 550 1068 quem
577 1029 741 1069 pharisaei

223 1076 325 1108 Morti
351 1076 486 1108 tradunt
512 1085 608 1108 causa
629 1077 690 1108 mei

222 1122 268 1155 Et
293 1123 554 1163 blasphemantes
580 1124 694 1156 Iudaei

270 1171 315 1203 Et
340 1171 437 1203 morti
462 1172 686 1214 turpissimae3

221 1219 332 1252 Oculis
357 1228 420 1251 non
448 1220 555 1251 carnis
582 1228 711 1260 quaero,

218 1266 280 1310 Da,
310 1267 409 1299 corde
434 1276 586 1307 quaeram
613 1267 751 1307 sincero,

219 1315 267 1347 Te
291 1315 423 1348 iuvante
446 1314 516 1347 Deo
546 1324 620 1347 vero

217 1362 301 1395 Mihi
326 1362 385 1396 fiat
409 1363 479 1404 hoc,
507 1364 593 1403 quod
619 1372 726 1406 spero,

268 1411 293 1444 O
320 1419 395 1451 spes
421 1409 528 1443 flentis
555 1411 692 1444 animae.

218 1459 244 1492 O
270 1459 345 1491 Iesu
370 1459 501 1492 virtutis
527 1459 629 1491 mirae

216 1507 268 1539 Ne
293 1507 460 1548 contingat
482 1516 534 1539 me
557 1508 666 1547 perire

219 1555 395 1588 Gratanter
421 1555 498 1587 mihi
524 1556 655 1596 largire,

215 1603 260 1636 Ut
286 1607 319 1635 te
344 1604 465 1644 possim
491 1604 647 1644 invenire,

263 1652 404 1685 Obstans
429 1661 523 1684 omne
546 1652 698 1692 reprime.

214 1700 240 1733 O
265 1700 455 1732 inconstans
481 1709 538 1732 cor
564 1703 596 1731 et
621 1701 765 1741 stultum,

212 1749 375 1782 Incultum
403 1750 435 1780 et
459 1748 686 1789 inconsultum,

215 1797 262 1829 Te
289 1805 374 1829 nunc
399 1799 477 1836 apta
503 1796 546 1828 ad
571 1797 743 1837 singultum

213 1845 260 1877 Et
282 1854 342 1885 pro
368 1845 444 1877 Iesu
468 1845 625 1885 plangens
642 1845 777 1877 multum

260 1893 393 1926 Nullam
419 1893 531 1925 horam
559 1893 673 1927 exime.

176 2035 184 2043 .
211 2011 293 2054 Ave,
321 2010 406 2052 Iesu,
433 2013 466 2042 te
492 2013 694 2052 praesentem

213 2059 297 2103 Scio,
325 2059 383 2091 sed
409 2059 489 2091 mihi
513 2058 691 2100 absentem,

210 2107 322 2149 Punge
347 2116 423 2148 ergo
449 2107 672 2148 impudentem

208 2156 316 2188 Meam
345 2159 400 2188 tua
427 2164 523 2188 cruce
548 2159 699 2198 mentem,

256 2204 303 2238 Ut
327 2205 375 2236 sic
400 2204 443 2237 ad
468 2206 502 2236 te
527 2204 651 2239 redeat.

207 2253 375 2294 Manuum,
402 2253 521 2293 pedum
548 2251 654 2285 fixura

209 2301 403 2342 Laterisque
426 2304 593 2343 apertura,

210 2349 333 2390 Capitis
358 2350 404 2382 tui
431 2353 595 2390 punctura

207 2397 395 2438 Frangatur
421 2407 511 2430 mens
537 2405 611 2430 mea
638 2399 729 2439 dura,

258 2446 309 2478 Ne
333 2446 396 2478 iam
423 2447 512 2479 ultra
536 2447 678 2488 torpeat.

923 984 948 1016 Ο
976 993 1030 1016 cor
1057 984 1181 1024 durum,
1208 984 1272 1032 iam
1289 994 1352 1016 non
1370 986 1481 1027 sterte‚

920 1031 974 1064 Ad
1001 1032 1074 1064 Iesu
1102 1040 1227 1063 erucem
1253 1038 1286 1063 te
1309 1034 1418 1070 verte3

874 1071 880 1077 ’
920 1079 1003 1121 Iesu,
1029 1083 1061 1110 te
1086 1080 1128 1111 ad
1154 1087 1205 1110 me
1232 1083 1392 1123 converte,

919 1126 966 1159 Ut
990 1135 1045 1158 cor
1070 1135 1174 1158 meum
1200 1127 1295 1159 velox
1324 1131 1411 1159 certe

968 1174 1084 1206 Totum
1109 1174 1142 1206 in
1168 1177 1201 1206 te
1226 1177 1381 1207 transeat.

919 1222 1060 1263 Saguine
1084 1230 1135 1253 me
1158 1225 1212 1254 tuo
1238 1223 1312 1254 lava

920 1269 1042 1302 Cuncta
1066 1279 1138 1302 mea
1163 1270 1273 1302 delens
1298 1280 1409 1311 prava,

918 1318 1013 1351 Cruci
1040 1321 1114 1350 tuae
1139 1327 1191 1350 me
1217 1319 1380 1359 conclama,

917 1365 963 1399 Ut
988 1375 1051 1398 non
1077 1365 1232 1399 Satanina
1258 1366 1349 1399 clava

963 1414 1051 1446 Tuus
1077 1414 1171 1447 labor
1196 1418 1320 1455 pereat.

880 1554 886 1560 .
914 1531 996 1571 Ave,
1022 1530 1097 1562 Iesu
1122 1530 1166 1561 mi
1193 1530 1323 1573 dilecte,

913 1577 973 1617 Qui
998 1577 1031 1610 in
1059 1578 1162 1610 crucis
1188 1579 1312 1618 pendes
1337 1581 1440 1622 vecte,

914 1626 1013 1659 Cordi
1037 1635 1108 1658 meo
1134 1626 1181 1658 sic
1205 1630 1239 1658 te
1264 1630 1367 1670 necte,

912 1673 959 1706 Ut
983 1674 1134 1715 iungatur
1159 1674 1218 1707 tibi
1244 1678 1334 1707 recte

961 1723 1026 1755 Per
1051 1725 1184 1755 aeterna
1207 1723 1347 1756 saecula.

910 1770 982 1814 Eia,
1010 1771 1095 1811 Iesu,
1122 1771 1206 1802 alme
1232 1771 1329 1814 Deus,

909 1818 1013 1851 Dolor
1038 1822 1121 1862 tuus,
1151 1819 1244 1852 dolor
1269 1829 1368 1860 meus,

912 1868 977 1901 Cur
1000 1870 1033 1899 te
1057 1869 1178 1900 mactat
1202 1868 1250 1899 sie
1274 1868 1414 1901 Iudaeus
1428 1884 1438 1900 ,r

910 1915 982 1948 Non
1010 1919 1055 1958 tu,
1083 1915 1141 1948 sed
1167 1925 1225 1957 ego
1251 1926 1321 1948 sum
1346 1925 1431 1958 reus,

959 1964 1052 1997 Omni
1078 1965 1194 2005 plenus
1220 1966 1357 1998 macula.

910 2013 973 2055 En,
1002 2013 1095 2045 dolor
1118 2015 1152 2045 te
1175 2016 1277 2046 totum
1303 2014 1402 2055 angit,

912 2061 1035 2094 Cuncta
1060 2061 1206 2094 membra
1229 2065 1285 2094 tua
1310 2060 1440 2105 frangit,

910 2109 975 2142 Sed
991 2110 1108 2152 adhue,
1128 2110 1201 2150 heu,
1217 2119 1269 2142 me
1282 2119 1345 2142 non
1360 2111 1474 2152 tangit,

910 2158 997 2190 Hinc
1022 2167 1082 2190 nee
1103 2160 1136 2189 te
1153 2167 1243 2190 mens
1260 2167 1331 2190 mea
1348 2159 1476 2199 plangit

960 2205 1073 2238 Carnis
1099 2206 1218 2238 ardens
1245 2204 1363 2239 facula.

910 2254 935 2287 Ο
959 2263 1014 2285 cor
1034 2262 1174 2296 saevum,
1202 2254 1265 2286 iam
1288 2263 1351 2286 non
1367 2255 1474 2296 plora,

907 2301 1075 2334 Lacrimas
1101 2304 1138 2333 ut
1160 2301 1282 2334 imbres
1309 2311 1395 2344 rora,

909 2350 1012 2383 Curre
1037 2349 1079 2381 ad
1106 2350 1219 2382 salutis
1245 2349 1326 2391 fora,

910 2398 1032 2438 Plange
1056 2397 1169 2438 lugens
1194 2399 1280 2431 omni
1306 2399 1386 2432 hora

957 2445 1057 2478 Nulla
1082 2455 1223 2486 pausans
1246 2448 1381 2482 morula.
