1651 2700
353 241 564 276 Responsoria.

152 297 183 330 1.
216 296 294 330 Cum
320 307 339 330 a
364 298 578 340 Diocletiano,

213 345 414 385 Imperatore
439 345 590 387 profano,

257 393 439 426 Damnatur
465 395 611 435 ecclesia,

209 441 248 473 In
274 441 393 474 Christi
419 441 485 474 fide
511 445 706 484 constantes,

209 489 311 522 Idolis
336 499 400 522 non
425 490 627 523 immolantes

260 537 425 571 Sufferunt
449 539 629 579 supplicia3

166 611 171 618 .
208 585 278 618 Deo
304 589 411 627 grates
437 585 583 619 referunt

254 634 441 675 Christiani,

254 683 366 715 Mente
391 683 461 715 sani

206 730 294 764 Tura
320 731 427 764 cordis
454 730 592 764 offerunt

171 833 178 840 .
206 807 316 839 Eremi
340 808 470 840 silentia

252 856 283 888 A
308 855 378 888 Deo
405 859 536 889 vocatus

204 904 340 945 Expetit
363 904 524 937 industria

250 951 406 984 Erasmus
432 952 556 994 beatus,

161 1024 169 1031 .
207 999 332 1040 Spretis
353 1001 465 1033 mundi
490 1002 593 1034 noxiis

251 1048 450 1088 Angelorum

250 1095 422 1127 Beatorum

201 1143 361 1184 Fungitur
384 1144 544 1184 alloquiis.

165 1244 173 1252 .
201 1220 371 1253 Tribunali
397 1221 532 1261 sistitur,

198 1268 316 1309 Iurgiis
343 1269 525 1310 discutitur,

244 1316 343 1348 Minis
370 1316 534 1359 fatigatur,

196 1364 318 1398 Offerat
340 1368 377 1397 ut
400 1366 496 1398 idolis

195 1413 293 1453 Tura,
321 1413 430 1445 verbis
456 1413 602 1446 subdolis

244 1461 380 1494 Praesul
405 1461 571 1495 invitatur.

158 1533 164 1540 .
198 1508 277 1542 Cum
303 1509 481 1549 sprevisset
505 1510 604 1551 idola,

240 1557 346 1590 Multo
375 1556 460 1590 fuste

242 1605 307 1638 Sed
331 1615 395 1637 non
421 1606 505 1638 iuste

195 1654 310 1687 Pravis
336 1652 375 1685 fit
398 1654 569 1694 parabola.

159 1756 165 1763 .
192 1730 358 1771 Erasmus,
386 1730 436 1762 vir
460 1731 600 1773 lepidus,

191 1778 318 1811 Effatur
343 1778 536 1819 intrepidus,

242 1826 353 1860 Omnis
380 1835 496 1867 expers
519 1828 608 1869 mali,

190 1875 324 1908 Fideles
350 1874 513 1916 aedificat,

191 1923 354 1956 Christum
379 1924 486 1956 Iesum
511 1924 683 1965 praedicat

239 1973 360 2004 Astans
386 1972 562 2015 tribunali;

112 2021 150 2053 V.
191 2023 274 2054 Vera
299 2019 364 2053 fide
388 2021 503 2054 rutilat

232 2069 297 2101 Hic
322 2069 456 2110 athleta,

233 2117 346 2150 Mente
370 2118 457 2150 laeta

185 2166 255 2198 Deo
281 2166 394 2198 laudes
418 2166 547 2201 iubilat.

248 2262 294 2294 In
318 2263 349 2295 2.
378 2262 609 2299 Nocturno.

327 2338 526 2375 Antiphonae.

121 2408 138 2441 1
146 2433 153 2440 .
181 2407 328 2448 Operans
352 2407 508 2439 iustitiam

228 2455 312 2488 Mali
337 2454 429 2496 fugat
453 2457 577 2495 pestem

909 245 1066 277 Erasmus
1090 246 1124 277 in
1149 247 1292 286 patriam

958 292 1117 324 Graditur
1144 294 1325 329 caelestem,

848 388 880 420 2.
906 388 1037 419 Erasmi
1061 388 1094 419 in
1122 388 1237 428 capite,

955 435 1055 476 Deus,
1083 435 1223 475 glorioso

909 482 1067 515 Coronam
1095 484 1135 515 de
1160 484 1272 524 lapide

953 531 1052 564 Ponis
1075 532 1230 571 pretiosa

846 628 877 661 3.
905 627 1020 659 Portas
1047 630 1172 659 vestras
1198 627 1313 668 tollite,

955 676 1124 716 Principes
1150 675 1292 716 superni,

903 723 1043 756 Militem
1068 724 1223 764 suscipite

951 772 1019 804 Iam
1045 772 1131 813 regis
1157 771 1290 804 aeterni.

841 869 874 901 4.
901 868 1072 900 Nuntiavit
1097 877 1197 909 opera

947 916 1135 949 Miserentis
1154 917 1225 957 Dei,

898 965 978 997 Ideo
1005 965 1047 997 ad
1073 965 1206 997 aethera

946 1012 1003 1044 Fit
1029 1013 1093 1045 dux
1116 1013 1202 1045 Deus
1229 1013 1268 1046 ei.

839 1109 872 1141 5.
899 1108 987 1141 Laus
1016 1109 1110 1141 decet
1136 1111 1168 1140 et
1192 1109 1300 1149 gloria

944 1157 1001 1197 Te,
1028 1156 1117 1188 Deus
1145 1157 1290 1198 deorum,

895 1204 1031 1237 Erasmo
1057 1205 1112 1245 qui
1138 1205 1258 1246 gaudia

945 1251 1080 1286 Confers
1106 1254 1310 1294 gaudiorum.

835 1350 866 1382 6.
893 1348 1075 1390 Erasmum,
1102 1350 1156 1390 qui
1177 1348 1287 1382 floruit

940 1397 985 1430 Et
1010 1396 1102 1430 floret
1127 1401 1164 1430 ut
1187 1399 1310 1439 palma,

893 1445 938 1477 Et
964 1448 1053 1477 tenet
1079 1449 1111 1477 et
1135 1447 1239 1478 tenuit

940 1494 1037 1526 Alma
1063 1494 1125 1526 Dei
1150 1495 1271 1535 palma.

1032 1619 1069 1647 Re
1081 1621 1242 1656 sponsu-ia.

831 1687 863 1720 1.
891 1686 997 1720 Offero
1024 1697 1088 1720 non
1113 1688 1260 1729 sculptili

889 1735 1003 1776 Neque
1028 1735 1097 1768 Deo
1124 1735 1220 1776 futili,

937 1784 1058 1816 Verum
1082 1783 1209 1816 Christo
1234 1785 1315 1827 soli,

887 1831 995 1864 Auras
1020 1833 1217 1865 maculantia

888 1879 1051 1921 Spargere
1076 1881 1203 1922 eloquia

936 1929 996 1970 Tu,
1023 1938 1091 1969 rex,
1120 1938 1195 1970 ergo
1221 1930 1304 1968 noli;

815 1975 857 2010 V.
893 1976 1008 2009 Colere
1032 1978 1197 2018 sculptilia

937 2025 1013 2058 Non
1039 2029 1089 2058 est
1112 2029 1208 2066 aptus

936 2073 1019 2106 Nisu
1045 2077 1158 2115 captus

888 2121 1012 2154 Caecae
1036 2125 1152 2154 mentis
1179 2120 1275 2155 furia.

826 2219 857 2251 2.
885 2217 1025 2250 Carcere
1052 2218 1240 2259 includitur,

879 2265 985 2298 Multo
1010 2264 1098 2297 ferro
1123 2266 1283 2306 premitur

928 2314 1019 2354 Rege
1042 2313 1224 2355 ordinante,

879 2362 911 2393 A
937 2360 1025 2394 ferro
1052 2364 1085 2393 et
1111 2370 1243 2394 carcere

881 2409 1075 2443 Solvebatur
1099 2419 1241 2451 propere

928 2458 1056 2499 Angelo
1082 2461 1290 2499 praestante·,
