1651 2700
601 205 628 235 7.
658 204 702 236 De
723 206 835 238 sancta
854 206 1025 238 Dorothea.

277 283 319 315 In
347 285 377 319 1.
407 284 622 325 Vesperis.

132 367 174 401 R.
206 370 287 410 Ave,
315 379 333 402 o
355 371 440 403 veris
464 371 614 412 primula,

255 417 376 450 Christi
400 428 519 459 sponsa
545 421 578 451 et
601 418 678 461 filia,

206 464 374 498 Dorothea
397 466 577 508 iuvencum,

254 513 292 545 In
318 516 351 545 te
377 518 426 546 est
450 516 552 547 omnis
569 515 685 558 gratia,

203 560 390 603 Humilitas‚
416 563 583 605 sanctitas,

203 608 353 654 Gastitas,

204 657 328 701 Virtus,
355 657 501 700 victoria,

200 704 302 737 Fides
327 714 403 746 spes
429 709 462 737 et
487 707 615 748 caritas,

201 753 401 795 Benignitas,

201 800 440 843 Temperantia,

198 848 371 889 Patientia,

205 896 391 937 Spiritualis
418 898 591 939 disciplina

201 945 247 977 Et
271 946 487 980 oboedientia.

125 992 166 1026 V.
200 993 292 1026 Lava
316 1004 375 1027 nos
398 1004 418 1026 a
444 995 558 1035 culpae
583 993 683 1032 faece,

199 1041 313 1074 Dulcis
338 1042 440 1082 virgo,
466 1045 522 1074 tua
547 1051 645 1082 prece

244 1089 292 1121 Et
316 1090 357 1122 ab
385 1090 472 1122 omni
495 1090 632 1122 macula.

320 1184 366 1211 Ad
386 1183 571 1220 Magnificat.

121 1262 164 1296 A.
198 1261 322 1303 Gaude,
351 1262 566 1303 Cappadocia,

243 1311 381 1352 Proprio
408 1311 449 1343 de
471 1311 614 1351 germine

289 1359 430 1391 Pulchre
452 1359 615 1402 insignita,

192 1406 289 1439 Felix
314 1416 412 1448 super
438 1407 555 1447 omnia,

238 1455 425 1488 Dorotheae
449 1455 604 1496 sanguine

291 1504 436 1546 Virginis
461 1504 594 1543 munita,

191 1550 298 1592 Digne
322 1552 420 1593 plane
444 1551 606 1594 gloriaris,

242 1600 357 1632 Tantis
384 1609 464 1641 quae
489 1600 635 1640 reliquiis

239 1649 341 1689 Quam
368 1649 478 1682 Croesi
505 1648 628 1681 divitiis

193 1696 270 1729 Plus
295 1697 517 1737 locupletaris.

252 1803 315 1834 Ad
340 1802 616 1839 Matutinum,

320 1899 542 1927 Invitatorium.

183 1977 371 2010 Adoremus
398 1978 616 2012 dominantem

234 2026 407 2068 Christum,
435 2036 544 2069 regem
566 2029 700 2071 gloriae,

185 2074 276 2107 Stola
300 2076 387 2108 vitae
413 2080 621 2109 coronantem

228 2123 428 2156 Dorotheam
453 2125 560 2159 hodie.

240 2221 286 2253 In
316 2221 346 2255 1.
375 2221 612 2256 Nocturno.

326 2307 526 2344 Antiphonae.

122 2375 155 2410 1.
181 2376 352 2408 Famosam
379 2377 551 2410 Fabricius

229 2425 355 2458 Vocans
380 2425 578 2459 Dorotheam

900 287 1070 320 Tribunali
1095 288 1183 320 ocius

950 335 1013 368 Suo
1039 335 1126 368 sistit
1150 345 1231 370 eam.

842 412 875 444 2.
901 411 973 443 Diis
998 403 1118 444 nostris
1144 415 1177 444 te
1202 422 1322 454 ponere

944 459 1045 491 Iubeo
1071 460 1221 500 libamen,

896 506 943 539 Ut
970 507 1089 539 evadas
1113 508 1218 540 libere

944 554 1069 586 Durum
1096 556 1286 589 cruciamen.

839 631 872 664 3.
898 631 1037 664 Decrevi
1062 636 1265 665 contemnere

944 679 1069 711 Poenas
1094 681 1301 723 temporales,

897 727 1017 767 Queam
1042 731 1079 759 ut
1104 727 1242 769 effugere

946 776 1084 808 Prorsus
1110 776 1315 817 gehennales,

1039 890 1251 926 Responsoria.

835 966 866 999 1.
894 966 990 999 Orbis
1013 968 1210 1011 monarchia,
1237 969 1371 1010 plaude,

891 1014 988 1046 Diem
1012 1015 1081 1046 cole
1106 1015 1237 1055 dignum
1261 1017 1360 1049 laude

941 1061 1125 1094 Dorotheae
1148 1063 1294 1104 virginis,

891 1108 942 1141 De
969 1109 1090 1141 virtute
1115 1110 1148 1141 in
1174 1111 1327 1143 virtutem

890 1157 979 1197 Quae
1005 1157 1146 1189 cucurrit
1171 1159 1213 1190 ad
1238 1160 1381 1191 salutem

940 1205 1033 1237 Sacri
1060 1205 1157 1237 ductu
1180 1207 1330 1240 numinis.

817 1252 855 1285 V.
891 1251 999 1284 Nituit
1023 1253 1197 1285 virtutibus

938 1300 985 1333 Et
1010 1310 1134 1333 morum
1161 1300 1297 1344 fulgore,

889 1348 1026 1381 Devotis
1052 1350 1215 1393 operibus,

942 1396 1077 1429 Gemino
1103 1407 1221 1433 amore.

829 1475 862 1507 2.
889 1474 1004 1515 Angue
1028 1483 1160 1514 praeses
1186 1477 1333 1520 nequior,

889 1522 1006 1555 Bellua
1037 1523 1213 1560 horridior,

938 1569 1017 1602 Sisti
1042 1570 1198 1603 tribunali

888 1618 984 1650 Hanc
1009 1618 1153 1659 hortans,
1182 1619 1244 1651 diis
1271 1620 1409 1653 credere

887 1666 1074 1707 Puerosque
1099 1667 1231 1708 gignere

936 1714 1016 1746 Ritu
1043 1715 1213 1756 coniugali.

813 1762 853 1796 V.
940 1762 1035 1795 More
1060 1763 1212 1804 virginali

884 1811 1023 1844 Horruit
1046 1811 1128 1843 haec
1153 1812 1282 1852 nuptias

884 1859 1062 1900 Carnisque
1086 1861 1269 1903 spurcitias,

930 1907 1059 1948 Expers
1085 1909 1187 1941 omnis
1214 1910 1301 1943 mali.

825 1996 857 2029 3.
884 1995 1004 2028 Rosam
1029 1996 1244 2040 innocentiae,

883 2043 1015 2076 Florem
1042 2046 1209 2084 pudicitae

932 2091 1063 2125 Lutosis
1088 2094 1231 2133 peccatis
1285 2127 1288 2130 ,

880 2139 1019 2172 Molitur
1044 2141 1188 2184 inficere,

883 2188 1026 2221 Conatur
1052 2190 1200 2229 polluere

930 2236 1006 2268 Dux
1031 2237 1239 2280 impuritatis,

807 2285 846 2318 V.
882 2285 1039 2316 Passione
1063 2294 1189 2317 roseam

928 2333 1031 2365 Fastu
1056 2334 1221 2375 vanitatis,

879 2379 1030 2412 Puritate
1052 2381 1178 2414 niveam

930 2429 1017 2461 Actu
1043 2430 1228 2470 voluptatis
