1651 2700
623 235 713 264 Hanc
732 244 832 265 rosam
854 239 996 268 ecclesiae

660 275 734 310 Rex,
756 275 837 304 Deus
858 276 986 312 deorum,

621 312 870 350 Transplantavit
888 315 978 344 hodie

661 352 698 379 In
718 353 801 381 caelo
822 354 980 382 caelorum.

570 473 612 505 13.
653 474 698 506 De
719 483 760 506 ss.
781 475 905 508 Simone
928 477 961 508 et
980 477 1067 509 Iuda.

167 560 185 594 1
203 570 232 594 a.
260 561 381 595 Plausu
407 564 514 596 cordis
539 564 679 597 iubilaeo

255 609 432 643 Iubilemus
458 621 567 645 omnes
593 613 673 655 Deo,

255 658 379 691 Simoni
403 660 457 700 qui
482 662 514 692 et
538 661 716 694 Thaddaeo

304 706 410 739 Stolas
439 708 529 740 dedit
554 709 685 750 gloriae.

166 802 227 834 2a.
254 802 382 835 Mentes
406 804 519 836 harum
541 805 694 838 bestiales

254 850 412 891 Ritusque
436 855 562 885 mutant
586 853 741 898 brumes,

256 898 369 931 Plures
396 900 518 933 Christi
542 901 616 942 iugo
640 903 722 935 tales

305 946 480 980 Subdendo
506 947 654 982 feliciter.

165 1041 227 1074 3a.
254 1042 360 1074 Duces
386 1044 467 1075 ‘tales
494 1046 527 1076 ct
550 1047 698 1085 pastores

253 1090 390 1122 Nostros
416 1100 475 1123 sua
499 1100 597 1131 prece
621 1102 726 1125 mores

253 1136 425 1179 Corrigant
449 1141 481 1170 et
505 1148 563 1171 nos
587 1140 630 1172 ad
657 1139 743 1173 fores

300 1185 388 1218 Caeli
414 1187 533 1219 vehant
560 1188 678 1228 curiae,

864 567 924 600 lb.
957 569 1011 601 Ad
1040 571 1166 609 gentem
1192 570 1247 611 qui
1271 573 1489 603 contumacem

954 614 1049 649 Missi
1076 617 1183 650 divam
1208 616 1317 650 ferunt
1341 627 1464 659 pacem,

955 663 1190 697 Collustrantes
1208 666 1292 698 hanc
1307 675 1368 707 per
1385 665 1491 699 facem

1002 712 1215 746 Scintillantis
1238 715 1372 755 gratiae.

861 807 921 840 2b.
949 807 1056 840 Tanta
1080 811 1155 848 post
1178 810 1346 850 praecelsa
1372 811 1456 843 mira

947 856 1032 888 Fera
1057 865 1172 890 saevae
1196 858 1299 898 gentis
1325 859 1375 891 ira

948 903 1084 936 Sanctos
1108 914 1187 937 nece
1211 905 1284 938 finit
1309 906 1381 939 dira

996 953 1149 985 Saeviens
1175 954 1338 987 atrociter.

859 1046 921 1080 3b.
949 1048 995 1081 Ut
1020 1048 1052 1079 in
1079 1048 1160 1079 caeli
1184 1048 1345 1081 ierarchia

951 1094 1028 1127 Cum
1049 1098 1154 1127 turma
1179 1100 1363 1128 sanctorum
1390 1097 1443 1130 dia

949 1142 1035 1174 Voce
1061 1141 1263 1176 concinamus
1289 1145 1344 1185 pia

998 1190 1148 1223 Carmina
1170 1192 1324 1226 laetitiae.

233 1281 259 1309 B
293 1280 343 1309 fol.
376 1278 465 1310 16910.
502 1297 540 1300 —
576 1283 660 1310 Mel.:
691 1283 851 1312 Verbum
886 1284 1024 1312 bonum.
1060 1300 1098 1305 —
1134 1286 1187 1314 Als
1218 1287 1359 1324 Tropus
1393 1297 1484 1324 super

150 1318 283 1347 Alleluia
290 1328 296 1345 ι

614 1379 741 1407 Plenum
761 1380 858 1408 cordis
878 1381 1028 1418 gaudium,

617 1418 695 1452 Iesu,
717 1418 798 1446 salus
820 1420 960 1454 omnium,

656 1457 760 1485 Nostri
780 1458 928 1492 miserere,

617 1495 729 1523 Contra
748 1497 828 1524 vires
851 1496 1005 1525 daemonis

616 1533 770 1562 Thaddaei
791 1536 820 1562 et
840 1534 972 1563 Simonis

654 1572 746 1600 Prece
765 1582 820 1601 nos
841 1576 932 1601 tuere.

601 1683 644 1715 14.
684 1685 727 1716 De
749 1686 857 1717 sancto
879 1686 1036 1718 Udalrico.

159 1772 216 1805 la.
245 1771 369 1813 Gaude,
397 1774 478 1806 caeli
504 1775 603 1814 curia,

246 1820 404 1853 Recolens
428 1822 597 1855 sollemnia

291 1868 442 1902 Udalrici
468 1871 637 1910 praesulis,

157 1965 216 1997 2a.
246 1965 368 2010 Gaude,
398 1967 541 2008 gaudens
567 1969 685 2009 gaudio

241 2014 322 2046 Tam
349 2015 437 2048 claro
465 2016 506 2048 de
531 2015 607 2061 filio,

289 2063 314 2096 Ο
341 2066 445 2096 mater
471 2065 616 2097 ecclesia.

151 2159 212 2193 3a.
241 2159 365 2199 Gaude,
393 2169 485 2193 sacer
510 2161 631 2194 inclitis

239 2208 397 2242 Udalrice
422 2209 545 2241 meritis

286 2257 425 2290 Florens
449 2258 490 2290 ab
516 2257 665 2294 infantia.

148 2353 209 2387 4a.
238 2352 363 2395 Gaude,
390 2354 481 2387 verbi
507 2354 632 2388 framea

237 2401 345 2443 Facis,
374 2402 437 2435 Dei
464 2403 558 2436 vinea

286 2450 336 2483 Ne
361 2451 407 2482 sit
431 2451 543 2484 hortus
570 2452 703 2485 olerum.

857 1777 914 1811 lb.
943 1776 1067 1818 Gaude,
1095 1777 1182 1810 orbis
1209 1778 1325 1818 orbita,

943 1825 1018 1858 Sole
1043 1828 1133 1858 tanto
1159 1826 1309 1867 praedita

989 1874 1110 1906 Lucem
1138 1875 1235 1907 dante
1260 1875 1397 1916 populis,

852 1970 911 2005 2b.
940 1970 1054 2004 Gaude
1079 1971 1184 2004 libens
1208 1981 1358 2013 promere

942 2019 1059 2060 Corde,
1088 2029 1153 2065 ore,
1181 2029 1279 2061 opere

988 2068 1068 2101 Tam
1091 2069 1197 2101 sancti
1221 2069 1407 2110 praeconia.

851 2164 909 2198 3b.
940 2164 1064 2205 Gaude,
1091 2165 1146 2205 qui
1169 2165 1297 2197 ieiuniis

938 2212 1045 2245 Instas
1073 2215 1103 2244 et
1129 2213 1249 2254 vigiliis

986 2260 1098 2293 Flocci
1122 2261 1269 2301 pendens
1294 2261 1402 2296 noxia.

850 2356 911 2389 4b.
941 2355 1065 2399 Gaude,
1092 2357 1202 2397 lingua
1227 2366 1326 2390 aurea

938 2404 1034 2437 Fidei
1059 2404 1099 2437 ab
1125 2414 1202 2438 area

988 2453 1112 2494 Vepres
1139 2454 1231 2486 vellis
1258 2454 1426 2489 scelerum.

1256 2509 1298 2540 7*
