1651 2700
711 172 947 208 ,66-

635 268 663 299 9.
697 268 740 298 De
760 266 867 298 saneto
892 262 1031 303 Georgia.

312 362 357 394 In
386 361 415 394 1.
443 358 661 399 VesperiS.

193 449 225 480 1.
253 446 374 487 Gaude,
403 444 616 485 Cappadocia,

297 493 420 526 Laudis
446 501 517 524 cum
541 491 683 531 tripudio

252 542 346 574 Clara
372 541 412 573 de
436 539 588 581 prosapia

297 589 430 622 Virente
456 587 603 627 Georgio.

191 687 224 720 2.
252 685 276 717 O
303 689 425 725 stupor,
453 692 470 714 o
496 690 548 713 res
573 681 711 723 novella,

297 731 358 763 Dei
384 731 480 770 plena
504 737 644 769 munere,

249 779 301 811 Ex
326 779 390 809 imo
417 776 579 816 consurgit
604 776 708 817 stella,

298 825 416 858 Lilium
445 824 484 856 de
511 824 627 856 cinere.

193 923 224 955 3.
249 920 369 952 Adolet
394 917 565 950 virtutibus

299 967 425 1000 Genere
450 965 607 1005 tribunus,

254 1015 356 1048 Olaris
381 1022 519 1046 vernans
544 1011 685 1044 moribus

302 1062 435 1094 Gratiae
458 1069 517 1100 per
540 1068 664 1091 munus.

201 1160 232 1191 4.
259 1157 365 1189 Puber
389 1156 422 1187 in
446 1155 563 1186 militia

304 1204 484 1237 Prudenter
509 1201 635 1242 agebat,

257 1251 473 1285 Palaestinam
499 1249 603 1289 gratia

305 1298 434 1331 Domini
460 1296 617 1328 vincebat.

203 1397 234 1428 5.
261 1394 403 1427 Altiores
428 1392 551 1432 gratiae

310 1440 438 1473 Gradus
464 1444 541 1471 tunc
563 1437 718 1480 ascendit,

262 1488 381 1528 Quibus
406 1490 507 1518 metas
534 1485 655 1526 gloriae

310 1535 404 1569 Felix
429 1532 652 1574 apprehendit.

223 1658 230 1665 .
265 1631 474 1664 Alabastrum
499 1627 668 1669 frangitur,

262 1680 308 1712 Et
328 1678 447 1718 ubique
472 1676 635 1716 spargitur

311 1725 475 1766 Unguenti
499 1722 693 1763 fragrantia3

263 1775 326 1807 Pro
350 1773 420 1805 Deo
446 1772 591 1812 egregius

263 1822 423 1854 Multatur
445 1819 601 1858 Georgius

315 1868 437 1908 Capitis
462 1866 639 1908 sententia3

225 1945 232 1952 .
270 1916 422 1950 Gaudens
449 1915 489 1947 de
515 1913 652 1945 victoria

312 1964 442 2002 Martyr
466 1962 561 2000 ridet,

313 2013 447 2045 Praeses
472 2009 589 2041 stridet

266 2061 311 2093 Et
336 2059 431 2091 callet
457 2057 596 2090 vesania.

391 2162 438 2190 Ad
455 2159 637 2197 Magnificat.

198 2225 239 2257 A.
276 2223 405 2256 Caelum
428 2219 542 2263 gaude,
569 2222 657 2250 terra
680 2217 810 2259 plaude,

273 2273 407 2305 Festum
431 2269 525 2301 adest
550 2267 679 2306 dignum
703 2265 810 2306 laude,

320 2318 412 2351 Omni
437 2317 568 2357 pienum
592 2314 719 2355 gaudio,

271 2368 309 2400 In
336 2375 408 2407 quo..
437 2363 564 2404 Georgi,
586 2361 758 2403 profanum

271 2414 428 2447 Deieoisti
451 2412 629 2444 Dacianum

315 2463 356 2496 In
379 2461 489 2502 agonis
510 2460 634 2499 stadio;

934 352 1036 385 Nobis
1060 358 1136 390 erge
1161 350 1292 388 praesta
1312 353 1445 385 precum

980 400 1120 432 Tuarum
1143 394 1318 436 praesidio,

932 448 979 481 Ut
1004 447 1145 478 vivamus
1170 450 1298 481 semper
1323 444 1428 472 tecum

979 495 1017 527 1n
1045 493 1125 525 caeli
1151 490 1283 531 palatio.

1000 655 1062 687 Ad
1087 652 1355 686 Matutinum.

1070 748 1289 777 Invitatoriurn.

939 819 1151 851 Coronantem
1178 814 1350 854 Georgium

987 865 1095 898 Omnis
1122 866 1270 895 ereatura

936 914 1057 953 Regem
1082 911 1196 943 adoret
1220 909 1369 942 omnium.

997 1074 1046 1106 In
1074 1075 1104 1105 1.
1132 1071 1365 1104 Nocturno.

1083 1165 1281 1201 Antiphonae.

908 1259 915 1267 .
943 1236 1063 1268 Beatus
1090 1233 1245 1273 Georgius

990 1283 1084 1314 Viam
1108 1283 1312 1321 peccatorum

943 1330 1041 1370 Fugit
1066 1337 1196 1360 currens
1220 1328 1308 1359 ocius

992 1377 1127 1409 Semitas
1151 1377 1319 1407 iustorum.

910 1499 917 1507 .
943 1474 1047 1513 Quare
1072 1471 1214 1503 fremunt
1237 1471 1356 1511 impiae

993 1521 1111 1552 Contra
1136 1519 1225 1559 pium
1251 1520 1361 1558 gentes

945 1568 1059 1600 Eidem
1083 1566 1245 1606 nequitiae

995 1615 1114 1646 Vulnus
1139 1612 1342 1646 inferentes?

914 1738 920 1744 .
947 1711 1189 1744 Circumdantes
1214 1710 1351 1751 populos

999 1759 1075 1791 Sese
1097 1767 1161 1789 non
1184 1757 1328 1800 timebat,

952 1807 1136 1840 Gratiarum
1160 1806 1271 1837 titulos

997 1854 1132 1886 Domino
1155 1853 1335 1893 promebat.

1081 1957 1293 1992 Responsoria.

893 2025 925 2058 1.
952 2025 1114 2057 Tribunus
1137 2025 1284 2064 eximius,

955 2072 1131 2112 Cappadox
1156 2072 1314 2113 Georgius

1002 2121 1138 2153 Sanetus
1163 2120 1294 2152 natione

952 2168 1120 2200 Adventat
1141 2168 1175 2199 in
1199 2167 1349 2210 Lybiam‚

957 2216 1054 2256 Regis
1078 2216 1134 2247 ubi
1158 2215 1256 2247 filiam

1005 2263 1117 2296 Salvat
1141 2273 1162 2295 a
1186 2264 1344 2305 dracone3

886 2311 924 2345 V.
959 2312 1079 2351 Quater
1104 2312 1242 2352 quinque
1267 2312 1357 2344 milia

1005 2359 1120 2392 Sacrat
1145 2368 1181 2391 eo

1006 2407 1069 2440 Die
1092 2407 1162 2440 Deo

958 2456 1151 2496 Baptismali
1176 2456 1289 2496 gratia.
