1651 2700
180 206 212 237 2.
241 203 376 237 Gratiae
399 205 572 237 monilibus

287 252 456 286 Scintillat
479 255 603 293 ornata,

239 301 379 333 Amatur
405 301 445 334 ab
471 300 618 333 omnibus

287 349 390 389 Virgo
417 349 488 382 Deo
514 352 616 389 grata.

178 417 211 450 3.
243 415 285 448 Se
310 415 406 447 iussis
431 415 589 456 legalibus

287 463 473 496 Prudenter
498 464 624 504 aptavit

243 511 314 543 Nec
338 512 415 543 ullis
441 511 621 543 recessibus

288 559 340 591 Ab
367 559 417 591 his
444 559 596 593 deviavit.

381 635 592 671 Responsoria.

178 694 210 727 1.
238 695 415 735 Insurgunt
440 694 600 734 iniurgiae

238 742 284 774 Et
308 742 406 774 matri
430 745 463 774 et
485 741 573 774 filiae

284 790 448 822 Mox-iente
473 798 566 832 rege3

236 839 267 870 A
296 841 399 870 matre
423 838 595 870 iuvencula

237 886 416 929 Tondetur⁷
444 895 485 918 ne
510 885 623 918 fabula

287 935 338 968 Sit
360 935 394 966 in
421 934 538 974 Cypris
563 942 682 975 grege3

165 983 205 1015 V.
240 982 349 1015 Tonsa
376 982 433 1015 dat
458 982 590 1014 eximias

239 1029 393 1063 Gaudens
420 1030 490 1062 Deo
516 1030 638 1071 gratias

286 1078 473 1111 Christiana
497 1078 579 1119 lege.

175 1146 209 1179 2.
236 1145 393 1185 Disparet
421 1144 596 1185 discordia,

236 1192 394 1233 Reginam
422 1201 491 1224 curn
517 1191 587 1224 filia

283 1241 372 1281 Quae
397 1249 547 1281 grassans
575 1239 702 1282 deiecit,

235 1289 404 1321 Adventat
428 1288 603 1320 concordia

236 1337 330 1370 Omni
355 1337 452 1376 plena
477 1337 592 1377 gratia,

287 1385 375 1425 Quae
399 1393 511 1425 pacem
537 1382 662 1418 refecit.

165 1432 205 1465 V.
242 1433 383 1465 Satanae
407 1432 550 1465 versutia

287 1481 419 1513 Penitus
447 1479 578 1522 defecit,

236 1529 281 1561 Et
307 1529 430 1563 Christi
455 1529 593 1561 victoria

285 1576 435 1610 Dulciter
459 1575 612 1617 profecit.

177 1646 208 1678 3.
237 1644 309 1677 Suis
336 1653 407 1676 cum
434 1644 599 1677 sodalibus

239 1691 430 1725 Praefertur
455 1691 634 1733 virginibus

288 1740 396 1773 Sacris
422 1740 558 1780 sumptis
584 1740 676 1784 velis,

239 1789 324 1821 Nam
350 1787 487 1821 florebat
514 1788 617 1829 gloria

240 1837 401 1869 Virtutum
430 1840 462 1869 et
487 1836 664 1877 fragrantia

285 1886 415 1918 Morum
442 1885 523 1917 haec
547 1884 672 1925 fidelis;

161 1933 203 1966 V.
238 1934 376 1967 Vacavit
401 1934 533 1976 vigiliis,

233 1982 405 2021 Precibus,
433 1982 573 2022 ieiuniis,

285 2031 489 2065 Conversans
515 2031 547 2063 in
577 2030 685 2065 caeliS.

297 2138 345 2171 In
373 2140 404 2172 3.
432 2138 667 2171 Nocturno.

381 2214 581 2251 Antiphonae.

174 2276 205 2309 1.
232 2275 329 2308 Felix
355 2275 437 2307 haec
463 2278 495 2307 et
519 2274 634 2307 inclita

281 2323 390 2356 Nullis
417 2322 508 2356 fusca
532 2323 638 2364 malis,

231 2372 396 2405 Virtutum
425 2381 485 2413 per
507 2371 624 2403 merita

284 2420 421 2463 Angelis
447 2419 600 2461 aequalis.

876 207 908 239 2.
935 204 1026 237 Haec
1053 204 1189 244 sumptis
1215 204 1419 245 lampadibus

983 252 1111 285 Christo
1137 251 1290 293 obviavit,

936 300 1050 333 Secum
1078 300 1183 332 caelos
1209 300 1360 340 passibus

985 347 1113 381 Amoris
1139 348 1284 381 intravit.

876 426 907 460 3.
937 425 1031 457 Suam
1060 424 1154 456 nobis
1181 425 1327 465 porrigat

981 473 1115 505 Manum
1142 473 1315 513 gratiosam

934 521 977 553 Et
1004 521 1045 553 ad
1071 521 1156 553 viam
1184 520 1304 561 dirigat

983 569 1072 601 Caeli
1098 568 1298 609 gaudiosam.

1077 644 1288 680 Responsoria.

878 705 908 737 1.
936 703 1031 735 Vices
1059 703 1133 735 dum
1158 711 1218 744 per
1243 703 1349 735 varias

934 751 1025 783 Haec
1049 750 1294 783 materfamilias

983 799 1078 831 Preci
1102 799 1320 841 incumbebat,

936 847 1113 889 Sphaeram
1137 845 1284 879 fiammae
1307 847 1421 879 inclita

941 895 1082 928 Cernens
1108 895 1181 935 ipsa
1205 895 1321 927 territa

985 944 1147 984 Suspensa
1169 943 1325 983 pavebat3

863 991 903 1025 V.
938 991 1117 1023 Flammam
1144 991 1336 1023 secundario

937 1038 1042 1079 Super
1067 1039 1150 1070 hanc
1178 1038 1307 1071 devotio

986 1086 1138 1119 Sororum
1165 1085 1308 1118 videbat.

876 1165 909 1196 2.
936 1162 1052 1203 Legati
1077 1162 1172 1194 huius
1199 1161 1348 1203 naufragi

936 1212 1012 1245 Una
1036 1213 1135 1242 ruunt
1158 1210 1193 1242 in
1218 1210 1325 1251 pelagi

984 1258 1119 1290 Fluctus
1146 1258 1244 1290 corde
1268 1258 1365 1298 tristi,

936 1307 1092 1340 Evadunt
1114 1316 1190 1339 mox
1218 1315 1286 1338 eum
1313 1306 1431 1347 gaudio

936 1356 1009 1389 Uno
1036 1355 1196 1387 clamante
1221 1354 1334 1387 tertio:

982 1403 1086 1440 Assis,
1114 1403 1205 1443 virgo
1233 1402 1364 1436 Christi.

862 1452 902 1485 V.
937 1451 1060 1491 Gaude,
1089 1450 1263 1484 Gertrudis
1288 1451 1388 1492 regia,

934 1500 1022 1540 Quae
1046 1502 1137 1531 tanta
1162 1498 1320 1531 beneficia

982 1547 1071 1579 Dare
1096 1548 1253 1582 meruisti.

876 1626 909 1658 3.
935 1625 1108 1657 Astantum
1134 1625 1320 1665 praesentia

937 1672 1048 1713 Spirat
1072 1672 1254 1705 redolentia

983 1721 1129 1753 Mirandi
1156 1720 1308 1764 dulcoris,

934 1768 1015 1801 Eius
1043 1769 1117 1802 dum
1145 1769 1349 1801 sanctissima

935 1817 1080 1858 Regnum
1108 1816 1196 1850 subit
1221 1817 1328 1849 anima

985 1866 1079 1898 Vitae
1105 1869 1137 1898 et
1162 1866 1313 1906 honoris3

864 1915 902 1948 V.
940 1915 1132 1947 Praesentes
1159 1914 1309 1947 eximiam

935 1961 1069 2004 Magnifi
1074 1966 1149 1995 cant
1173 1963 1308 2003 gloriam

982 2011 1095 2044 Nostri
1121 2011 1350 2053 redemptoris,

1024 2138 1071 2170 In
1098 2136 1335 2170 Laudibus

1082 2213 1281 2249 Antiphonae.

875 2273 907 2307 1.
934 2273 1092 2305 Dominus
1118 2272 1203 2304 hanc
1228 2272 1335 2304 induit

981 2321 1148 2361 Virginem
1176 2320 1303 2359 decore,

932 2368 1002 2409 Ipsi
1028 2368 1104 2409 quia
1130 2368 1276 2409 congruit

983 2416 1064 2450 Eius
1090 2426 1209 2457 sponsa
1234 2416 1316 2452 fore.
