1651 2700
606 580 629 611 1.
669 577 714 610 De
736 577 871 619 Corpore
893 576 1019 609 Christi.

291 656 338 688 In
367 657 398 689 1.
424 655 645 696 Vesperis.

367 722 565 759 Antiphonae.

190 808 197 816 .
223 781 333 814 Hodie
357 781 513 814 recolitur

271 831 407 863 Festum
433 829 619 870 gratiarum,

221 879 261 911 In
287 887 348 919 quo
376 877 524 911 Christus
549 877 698 920 sumitur,

269 926 371 959 Panis
397 926 586 959 animarum.

186 1020 195 1029 .
223 994 371 1028 Christus
395 1002 512 1034 panem
537 993 653 1026 tribuit

271 1043 314 1075 Se
339 1050 419 1073 cena
443 1041 545 1082 finali,

223 1089 356 1122 Comedi
378 1098 472 1130 quem
499 1088 610 1121 docuit

266 1137 374 1170 Iubilo
400 1137 544 1169 mentali.

185 1229 192 1237 .
224 1204 259 1237 Si
283 1204 354 1245 quis
382 1204 451 1237 edit
477 1203 616 1236 dulciter

267 1253 320 1285 Ex
346 1252 408 1284 hoc
433 1261 518 1292 pane
543 1251 626 1290 vivo,

218 1301 315 1334 Vivet
338 1300 374 1333 in
398 1309 450 1332 me
473 1300 592 1341 iugiter

267 1349 312 1381 Et
335 1349 370 1381 in
396 1357 433 1381 eo
455 1349 542 1381 vivo.

186 1443 194 1450 .
220 1417 311 1450 Arae
335 1417 567 1457 superponitur

270 1465 365 1497 Isaac
391 1464 538 1508 dilectus,

219 1513 334 1546 Mente
360 1512 507 1546 Christus
534 1513 642 1545 editur

269 1562 354 1594 Prae
381 1561 504 1593 cunctis
531 1561 662 1595 electus.

180 1654 188 1661 .
225 1630 345 1670 Angeli
369 1630 523 1672 empyrei,

218 1677 377 1710 Homines
404 1678 524 1709 cinerei

267 1725 411 1759 Verbum
436 1726 616 1758 increatum

220 1774 335 1807 Edunt
361 1782 432 1806 cum
455 1774 592 1814 laetitia,

223 1822 360 1856 Plenum
386 1822 473 1854 omni
498 1822 616 1863 gratia,

272 1870 398 1903 Mundo
423 1870 484 1902 toti
509 1873 647 1911 gratum.

179 1946 187 1953 .
223 1919 323 1952 Panis
350 1919 453 1951 corda
476 1919 596 1960 iugiter

272 1967 392 2002 cibans
416 1968 604 2009 angelorum

221 2015 279 2048 Fit
303 2016 559 2048 misericorditer

268 2063 414 2097 Foenum
439 2065 666 2100 iumentorum.

341 2137 389 2165 Ad
409 2137 592 2174 Magnificat-

181 2217 188 2224 .
223 2191 306 2230 Ave,
334 2201 452 2224 manna
477 2192 676 2234 angelorum,

272 2240 358 2280 Iesu⁷
384 2240 497 2273 vivens
521 2240 639 2281 hostia,

223 2288 313 2321 Fons
339 2292 371 2320 et
396 2288 494 2321 arrha
519 2289 720 2330 gaudiorum,

269 2337 362 2369 Mala
388 2336 503 2379 fugans
529 2337 645 2377 omnia,

225 2384 331 2418 Corda
356 2389 479 2426 nostra,
505 2386 600 2428 proh,
628 2388 743 2419 exusta

271 2433 397 2475 Culpae
422 2442 482 2474 per
508 2434 693 2466 incendium

915 653 1081 685 Virtutum
1103 650 1184 683 flore
1210 654 1346 683 venusta

963 701 1043 740 Fac,
1068 709 1086 732 o
1113 699 1221 731 cordis
1248 698 1408 740 gaudium.

979 786 1044 819 Ad.
1069 786 1340 818 Matutinum.

1055 856 1276 884 Invitatorium.

917 907 1101 941 Adoremus
1127 914 1198 937 cum
1223 905 1374 937 laudibus

967 955 1130 988 Christum
1142 953 1248 985 Deum
1262 955 1295 984 et
1307 953 1477 995 hominem,

920 1003 982 1042 Qui
1008 1002 1065 1034 dat
1088 1001 1123 1033 in
1148 1009 1255 1032 escam
1279 1000 1440 1032 mentibus

966 1049 1063 1082 Suam
1080 1057 1208 1081 carnem
1227 1050 1259 1079 et
1275 1047 1473 1088 sanguinem.

975 1135 1023 1167 In
1050 1134 1081 1168 1.
1109 1133 1341 1166 Nocturno.

1063 1204 1262 1241 Antiphonae.

883 1279 891 1287 .
919 1254 1070 1294 Corrigat
1093 1252 1284 1294 pestiferum

970 1302 1034 1335 Gor
1058 1304 1093 1333 ut
1117 1302 1212 1334 homo
1238 1309 1324 1333 reus.

915 1350 1074 1382 Fructum
1101 1348 1306 1381 salutiferum

965 1398 1008 1431 Se
1033 1397 1126 1430 cordi
1153 1398 1210 1430 dat
1233 1397 1334 1429 Deus.

881 1487 888 1495 .
915 1460 1041 1493 Fructu
1067 1460 1133 1492 vivi
1159 1460 1232 1502 olei,

964 1508 1135 1541 Frumenti
1161 1507 1320 1548 cibantur,

915 1557 1047 1590 Annulo
1074 1565 1145 1588 cum
1170 1555 1249 1588 fidei

967 1605 1050 1638 Iusti
1075 1604 1322 1637 subarrhantur.

883 1693 890 1701 .
917 1668 943 1701 Ο
969 1676 1048 1707 pars
1073 1667 1138 1698 mei
1164 1666 1274 1698 calicis

964 1715 1011 1748 Et
1034 1714 1239 1754 hereditatis,

919 1764 1004 1804 Iesu,
1030 1763 1151 1795 mundo
1176 1761 1299 1795 sufficis

966 1812 1014 1844 Te
1037 1815 1141 1844 totum
1168 1811 1247 1843 dans
1272 1810 1386 1851 gratis.

883 1902 890 1909 .
918 1874 1074 1907 Nostrum
1095 1878 1224 1914 pingue,
1251 1873 1399 1917 Domine,

965 1923 1042 1956 Fiat
1067 1923 1301 1965 holocaustum,

917 1971 969 2004 De
992 1974 1048 2003 tuo
1076 1971 1156 2004 dans
1182 1970 1340 2012 sanguine

965 2020 1061 2052 Vitae
1086 2019 1179 2052 nobis
1205 2019 1365 2053 haustum.

884 2110 891 2118 .
916 2083 1036 2116 Mensa
1060 2082 1154 2114 nobis
1179 2081 1278 2114 hodie

965 2130 1097 2163 Domini
1121 2132 1266 2172 paratur,

917 2179 1093 2211 Tribulans
1118 2182 1156 2210 ut
1179 2177 1265 2210 facie

968 2227 1089 2260 Salutis
1116 2225 1295 2266 frangatur.

884 2315 892 2323 .
917 2290 957 2322 In
982 2297 1061 2321 voce
1084 2288 1231 2320 laetitiae

966 2336 1069 2369 Sonus
1096 2336 1258 2376 epulantis

918 2385 957 2418 In
981 2393 1094 2416 mensa
1117 2385 1237 2417 cotidie

966 2433 1029 2467 Dei
1057 2432 1161 2465 cibum
1188 2433 1307 2466 dantis.
