1651 2700
695 151 955 186 —124—

567 249 602 284 5,
624 247 707 288 Ave,
732 247 786 286 qui
812 246 950 281 feliciter

673 295 770 327 Volas
796 296 838 328 ad
863 305 1011 339 superna,

624 342 680 374 Me
705 342 790 375 colat
813 344 997 377 memoriter

670 390 738 422 Tua
765 399 854 424 mens
881 395 1030 433 paterna;

625 437 731 469 'ruere
755 439 951 480 perenniter,

671 485 721 516 Ne
744 489 851 525 petam
877 486 1014 527 inferna,

621 531 806 573 Consequar
830 534 888 566 sed
914 535 1051 567 dulciter

670 579 796 613 Gaudia
823 590 972 622 superna.

260 638 286 665 A
306 639 356 666 fol.
379 637 413 667 13
423 648 449 667 a.
469 655 508 659 —
530 640 586 668 cfr.
610 641 696 668 Anal.
716 641 771 674 ΠΙ,
796 639 850 669 188
871 651 914 678 sq.

608 723 655 755 32.
684 724 727 755 De
748 725 855 757 sancto
876 725 1032 757 Barnaba.

175 785 211 820 1.
238 787 317 827 Ave,
343 796 361 818 o
387 788 532 826 apostole

281 834 431 866 Barnaba
453 834 599 875 benigne,

237 881 284 913 Te
307 881 441 913 laudant
464 883 666 915 christicolae

281 928 403 961 Laudis
427 938 487 968 per
510 929 644 972 insigne,

234 976 325 1008 Servi
349 976 396 1007 tui
421 977 527 1008 recole

276 1023 353 1062 Mei,
378 1026 469 1064 pater
495 1024 598 1067 digne,

232 1069 283 1102 Ne
303 1069 421 1102 fallant
443 1080 495 1102 me
521 1072 670 1111 dyscolae

280 1118 406 1150 Larvae
431 1121 464 1150 et
487 1119 656 1160 malignae.

175 1179 204 1210 2.
231 1181 310 1218 Ave,
338 1188 392 1219 qul
414 1179 542 1211 ieiuniis

280 1225 402 1266 Corpus
427 1225 571 1258 afflixisti

231 1272 412 1313 Longisque
437 1274 553 1314 vigiliis

277 1320 413 1353 Prorsus
439 1321 565 1362 elisisti,

232 1367 285 1399 Ab
310 1369 432 1400 Averni
458 1369 570 1409 stygiis

278 1415 371 1457 Tuta,
398 1425 479 1455 quae
503 1415 622 1460 fugisti,

231 1461 340 1493 Precis
364 1463 496 1505 iungens
521 1466 637 1496 muniis

277 1509 342 1549 Me,
369 1519 458 1550 quem
488 1511 640 1546 dilexisti.

863 792 894 823 3.
920 792 1001 829 Ave,
1028 791 1082 831 qui
1106 790 1307 823 incredulum

968 838 1018 869 De
1042 838 1155 869 mortis
1179 839 1273 871 ruina

919 885 1045 917 Eruisti
1070 885 1225 925 populum

967 932 1067 964 Verbi
1092 933 1262 972 medicina,

918 980 1020 1011 Tuum
1045 988 1097 1011 me
1123 980 1185 1012 duc
1208 981 1370 1013 servulum

967 1027 1088 1067 Culpae
1112 1028 1152 1059 de
1176 1028 1313 1070 sentina,

919 1075 965 1107 Ut
995 1077 1194 1107 contemnam
1219 1077 1380 1108 saeculum

967 1123 1128 1155 Sectando
1156 1123 1274 1157 divina.

859 1186 891 1215 4.
918 1186 998 1223 Ave,
1024 1185 1077 1224 qui
1104 1185 1144 1217 ad
1171 1185 1272 1217 ardua

965 1231 1091 1263 Morum
1115 1233 1273 1273 gravitate

917 1278 1026 1320 Surgis
1053 1282 1085 1311 et
1109 1281 1151 1312 ad
1176 1282 1308 1312 strenua

965 1326 1059 1358 Vitae
1083 1327 1237 1367 puritate,

918 1373 1046 1415 Uonfer,
1073 1377 1109 1406 ut
1131 1375 1270 1415 ingenua

962 1421 1075 1454 Vivam
1102 1422 1275 1455 sanctitate

916 1468 986 1500 Nec
1009 1472 1119 1501 vertar
1143 1470 1185 1502 ad
1210 1469 1300 1503 fatua

963 1517 1028 1549 Vili
1052 1517 1194 1553 levitate.

559 1576 589 1608 5.
616 1575 697 1617 Ave,
725 1576 778 1615 qui
804 1578 958 1618 martyrio

660 1622 807 1655 Laetam's
834 1628 976 1659 exustus,

608 1669 697 1709 Ignis
722 1679 797 1703 nam
821 1671 971 1704 incendio

656 1715 817 1750 Probatus
844 1728 876 1751 es
901 1720 1015 1763 iustus,

608 1763 686 1805 Fac,
714 1774 755 1797 ne
777 1766 830 1798 hic
853 1767 888 1799 in
913 1769 1018 1801 medio

657 1812 723 1844 Sim
751 1814 853 1854 culpis
880 1820 1022 1857 onustus,

610 1858 674 1891 Sed
700 1861 733 1892 in
761 1862 841 1893 caeli
865 1863 946 1895 solio

656 1907 806 1940 Floream
841 1914 1002 1944 venustus.

230 1956 262 1985 A
280 1959 329 1986 fol.
352 1957 419 1987 121).

545 2034 592 2065 33.
632 2036 674 2067 De
695 2038 803 2069 sancto
826 2038 1078 2073 Bartholomaeo.

167 2094 198 2127 1.
225 2095 305 2134 Ave,
332 2104 350 2126 o
374 2095 629 2138 Bartholomaee,

272 2142 366 2174 Felix
390 2144 497 2175 lumen
522 2144 645 2184 Indiae,

224 2191 330 2222 Aures
355 2191 474 2230 praebe
498 2192 567 2223 voci
593 2201 692 2229 meae,

274 2238 298 2270 O
326 2239 438 2271 doctor
464 2240 600 2280 egregie,

224 2285 325 2325 Opem
352 2285 463 2319 confer
486 2288 586 2319 menti
611 2297 687 2321 reae

272 2334 366 2366 Meae
391 2337 423 2366 et
446 2334 600 2375 nefariae,

225 2380 276 2412 Ne
302 2382 472 2414 derideant
495 2383 598 2415 leteae

273 2429 330 2461 Me
353 2428 472 2462 inferni
497 2431 630 2465 bestiae.

851 2102 883 2133 2.
910 2102 992 2143 Ave,
1018 2102 1072 2142 qui
1096 2102 1279 2136 humilitate

959 2149 1005 2181 Et
1028 2149 1087 2182 sub
1113 2153 1203 2183 veste
1227 2152 1332 2185 nitida

912 2197 1027 2229 Flores
1053 2200 1086 2229 et
1110 2199 1264 2240 exilitate,

959 2245 1071 2276 Mente
1094 2247 1214 2286 gaudes
1239 2248 1361 2290 vivida,

913 2291 1059 2333 Praesta,
1085 2303 1176 2326 mens
1200 2304 1242 2327 ne
1266 2296 1393 2329 vilitate

961 2339 1036 2372 Fiat
1060 2350 1132 2373 mea
1156 2342 1268 2386 livida,

916 2387 979 2420 Sed
1005 2388 1050 2420 sit
1072 2389 1131 2421 sub
1157 2388 1344 2432 frugalitate

961 2435 1006 2467 Et
1032 2436 1138 2469 virens
1165 2441 1196 2470 et
1221 2437 1347 2475 florida.
