1651 2700
172 684 202 718 1.
231 685 267 718 111
293 687 356 720 Dei
382 693 493 723 saneto
519 693 648 726 nomine

229 734 321 767 Meos
348 746 457 778 geram
484 744 615 774 cunctos
641 747 742 786 aetus,

230 781 402 818 Custodias
428 796 490 829 me,
516 788 664 843 Domine,

228 829 280 862 Ne
304 841 323 864 a
352 834 507 868 daemone
533 837 593 869 sim
620 843 743 883 captus,

227 878 425 920 Progrediar
449 884 481 915 in
509 885 639 927 lumine,

227 925 278 958 Ne
303 929 346 961 ad
371 929 494 964 inferos
520 933 580 965 sim
606 937 740 970 tractus.

738 606 910 640 Praefatio.

865 701 897 732 2.

923 700 1055 733 Initium
1081 703 1220 735 amabile

923 748 1000 780 Fiat
1021 749 1224 791 Dominoque
1250 753 1379 794 decens,

925 795 1102 831 Considero
1128 799 1303 841 laudabile,

922 844 1068 878 Dilectus
1094 847 1137 878 sit
1160 848 1373 891 omnipotens,

921 891 970 924 Sit
996 894 1119 926 eunetis
1145 897 1357 939 acceptabile,

922 940 1044 973 Nomen
1071 942 1133 974 Dei
1158 943 1362 977 benedicens.

507 1090 530 1121 l.
571 1091 710 1131 Hymnus
730 1095 851 1135 primus
874 1096 911 1128 de
933 1098 996 1129 Deo
1017 1102 1121 1138 patre.

163 1183 194 1215 1.
221 1183 321 1225 Deus,
347 1185 445 1229 Deus,
474 1193 615 1233 sanetus,
642 1196 782 1234 sanctus,

220 1231 313 1264 Solus
343 1234 457 1275 dignus
483 1237 652 1283 dominari,

216 1279 260 1311 Et
286 1281 329 1313 sit
355 1283 385 1314 ei
409 1284 513 1317 maior
535 1290 671 1331 mantus,

215 1328 316 1361 Totus
344 1330 459 1371 dignus
486 1335 632 1379 exaltaii,

216 1375 293 1409 Fiat
318 1378 381 1411 sibi
407 1389 536 1421 semper
562 1388 684 1426 cantus,

216 1421 312 1457 Solus
339 1426 426 1460 Deus
453 1429 594 1464 ad01a1i.

205 1518 329 1562 Gloria,
363 1523 467 1556 honor
492 1535 531 1557 ae
555 1527 625 1559 laus

212 1567 348 1610 Semper
372 1575 483 1605 nostro
509 1575 657 1615 genitori,

210 1616 308 1650 Nulla
335 1617 394 1651 fiat
417 1620 481 1653 sibi
508 1621 597 1655 fraus

210 1664 281 1697 Deo
306 1670 418 1700 nostro
444 1671 652 1711 redemptori,

208 1713 468 1757 Reverentiaque
493 1719 580 1751 salus

209 1760 290 1804 Sibi,
318 1765 458 1797 omnium
484 1768 617 1806 pastori.

172 1882 179 1890 .
204 1858 267 1890 Est
291 1861 394 1893 omnis
420 1863 581 1903 sapientia

202 1906 233 1938 A
259 1907 339 1949 Deo,
366 1919 510 1943 summae
534 1913 681 1946 virtutes.

201 1954 424 1999 Doctrinaque
448 1960 595 2003 scientia,

205 2003 324 2045 Status,
353 2006 518 2062 honorque
544 2011 675 2055 salutes,

203 2053 271 2085 Pax
296 2055 398 2088 omnis
428 2066 497 2089 cum
526 2058 706 2104 clementia,

199 2100 271 2134 Hoc
298 2104 432 2137 credere
454 2103 575 2151 tu[que]
604 2109 713 2144 debeS.

162 2222 170 2229 .
198 2197 289 2231 Unus
314 2199 403 2233 Deus
429 2205 642 2250 venelandus,

198 2245 291 2280 Solus
317 2248 406 2282 Deus
431 2254 633 2295 metuendus,

195 2294 287 2328 Unus
313 2297 401 2331 Deus
428 2303 478 2332 est
495 2303 670 2345 amanduS,

194 2343 287 2377 Solus
312 2345 401 2379 Deus
428 2351 478 2381 est
501 2350 674 2394 timendus,

193 2391 286 2425 Unus
310 2394 400 2428 Deus
427 2398 624 2441 adorandus,

194 2439 289 2474 Solus
314 2443 403 2476 Deus
429 2447 677 2487 perquirendus,

858 1199 889 1230 5.

916 1198 991 1237 Ipse
1015 1208 1148 1240 magnus
1174 1201 1261 1233 solus
1285 1201 1374 1235 Deus

914 1245 959 1277 Et
981 1247 1178 1287 gubernator
1203 1250 1354 1292 omnium,

915 1294 1053 1333 Quidem
1078 1299 1127 1327 est
1152 1298 1295 1330 salvator
1322 1307 1410 1331 meus

911 1341 957 1374 Et
981 1351 1075 1375 verus
1103 1348 1208 1377 custos
1235 1346 1352 1387 ovium,

908 1390 1026 1422 Tristis
1052 1393 1155 1424 omnis
1182 1396 1232 1425 est
1255 1393 1425 1427 Hebraeus

910 1438 1101 1472 Abhorrens
1129 1441 1195 1473 eius
1221 1441 1346 1475 solium.

907 1535 991 1566 Ama
1016 1535 1120 1568 Deum
1146 1540 1213 1570 toto
1241 1538 1352 1579 eorde,

907 1582 999 1615 Time
1023 1583 1125 1616 Deum
1154 1594 1193 1617 ex
1219 1595 1338 1627 amore,

904 1630 947 1662 Ei
973 1632 1059 1664 servi
1084 1633 1153 1666 sine
1177 1634 1284 1673 sorde,

904 1678 1019 1712 Lauda
1044 1689 1115 1712 eum
1140 1682 1174 1713 in
1200 1682 1331 1726 honore,

903 1730 987 1760 Ama
1012 1727 1156 1773 fratrem,
1183 1739 1247 1762 non
1265 1734 1299 1763 tu
1316 1733 1438 1778 morde,

903 1775 1007 1808 Deum
1035 1786 1153 1817 quaere
1175 1780 1208 1810 in
1235 1779 1362 1815 timore.

866 1898 872 1904 .
900 1872 1002 1904 Deum
1024 1882 1081 1905 ora
1107 1877 1139 1906 et
1164 1876 1282 1917 exalta,

900 1921 1008 1960 Ipsum
1037 1931 1194 1963 quaerens
1219 1924 1397 1967 invocabis,

899 1968 968 2002 Deo
993 1971 1099 2010 psalle
1124 1980 1180 2004 seu
1206 1976 1310 2017 canta,

898 2017 1050 2051 Sanctum
1076 2020 1180 2052 Deum
1207 2023 1422 2065 exspectabis,

897 2066 967 2099 Tua
991 2067 1135 2106 laudatio
1161 2070 1205 2102 sit
1229 2075 1351 2112 saneta,

896 2115 942 2147 Et
965 2116 999 2147 in
1025 2117 1095 2149 Deo
1120 2118 1284 2153 iubilabis,

896 2213 985 2244 Ante
1009 2215 1163 2254 tuumque
1190 2219 1397 2255 conspectum

896 2259 1031 2300 Semper
1056 2261 1161 2293 Deum
1187 2266 1222 2294 tu
1247 2272 1440 2307 praeponaS,

894 2308 946 2340 Ex
969 2317 1005 2341 eo
1031 2313 1190 2354 sanetum,
1217 2310 1408 2355 perfeetum,

893 2356 971 2388 Sine
994 2357 1067 2397 ipso
1093 2367 1159 2391 non
1187 2359 1351 2401 disponas,

891 2404 1025 2445 Absque
1050 2406 1122 2446 ipso
1147 2406 1384 2452 imperfectum,

892 2452 986 2498 Cave,
1015 2454 1119 2487 Deum
1145 2465 1209 2489 non
1235 2460 1425 2499 postponas
