1651 2700
706 150 753 157 —
799 130 870 165 220

197 246 204 255 .
220 251 229 258 .
256 225 306 258 Tu
331 225 396 258 iam
417 225 530 258 fideles
555 227 681 267 respice

254 274 300 306 Et
325 274 394 316 hos,
422 274 476 315 qui
501 282 536 306 se
561 274 740 314 humiliant,

257 322 323 354 Per
347 325 380 353 te
404 322 567 361 pellantur
595 322 757 364 tenebrae,

253 368 439 409 Lucemque
464 378 572 401 omnes
597 371 739 413 videant,

254 416 415 448 Videntur
439 417 484 456 111,
511 426 604 457 quem
627 418 760 451 laedere

255 463 333 496 Cum
351 468 498 506 possunt,
516 465 570 497 1110
582 475 642 498 11011
658 465 811 506 liberant,

252 511 415 544 Videntur
438 513 523 545 male
547 522 670 555 gerere,

252 559 313 599 Qui
338 559 455 592 bonum
474 560 527 592 hic
544 570 606 593 non
623 564 810 602 properant.

886 230 919 261 4.

948 228 1108 260 Videntur
1131 228 1237 261 Deum
1263 237 1418 269 quaerere

945 276 1000 317 Hi,
1027 276 1082 316 qui
1106 277 1200 308 malis
1226 276 1369 319 obviant,

944 325 1178 364 Intellegentur
1201 334 1306 365 ruere,

943 372 1004 412 Qui
1029 382 1048 404 a
1073 372 1192 404 virtute
1218 373 1360 414 deviant,

943 420 1103 452 Nobilitas
1129 420 1306 464 ignoscere,

943 467 1007 500 Sed
1033 468 1153 510 vilitas,
1180 469 1233 508 qui
1259 468 1442 510 vendicant,

943 516 1127 549 Credantur
1152 516 1274 548 caelum
1299 517 1467 559 scandere,

942 564 1002 603 Qui
1025 563 1129 595 Deum
1155 564 1209 595 1110
1232 563 1423 605 glorificant.

260 640 278 669 Β
309 641 327 671 6
347 644 379 671 111
402 653 497 680 quem.
513 659 548 664 —
562 643 589 679 3,
611 644 629 673 8
648 646 681 673 111
701 655 769 674 non.
783 661 822 666 -—
834 645 862 682 4,
885 645 903 674 2
923 647 997 675 fehlt
1019 650 1085 676 eine
1105 648 1197 677 Silbe.
1210 647 1290 681 -4‚
1305 647 1323 677 8
1343 649 1440 677 Deum
1459 648 1501 677 1u‘.

377 736 424 767 54.
464 737 603 776 Hymnus
626 739 664 769 de
685 740 794 770 sancto
814 739 991 779 Benefficto,
1012 742 1184 781 praesente
1204 750 1298 782 papa.

215 841 222 848 .
249 815 307 856 Tu,
335 819 445 847 sancte
469 816 654 859 Benedicte,

249 862 298 894 Tu
320 872 406 903 papa
432 864 647 904 duodecimus,

247 910 350 942 Tuum
375 920 469 950 posse
495 914 598 944 totum
620 913 722 954 mitte,

249 957 295 989 Ut
320 961 445 990 crescat
468 958 550 991 fides
575 961 699 1002 melius,

247 1004 296 1036 Tu
320 1006 479 1046 promissa
502 1015 596 1039 serva
620 1008 742 1050 stricte,

248 1052 296 1083 Tu
324 1061 459 1092 quaeras
484 1054 545 1086 hoc
570 1056 731 1087 attentius.

212 1162 220 1169 .
246 1136 380 1179 Romae,
407 1138 461 1170 ubi
486 1140 580 1171 sedes
601 1144 722 1183 sancta,

247 1184 397 1224 Digneris
423 1188 456 1217 te
480 1187 643 1229 reducere,

249 1231 301 1263 Ibi
329 1233 450 1264 cunctis
474 1232 571 1265 fidem
598 1239 701 1277 canta,

247 1279 296 1311 Tu
321 1280 422 1312 malos
448 1290 524 1313 cura
548 1285 685 1325 vertere,

247 1326 456 1366 Exstirpetur
480 1329 564 1361 mala
587 1330 708 1372 planta,

248 1373 309 1413 Qui
335 1375 424 1414 cupit
447 1375 544 1408 fidem
566 1378 705 1410 laedere.

211 1483 218 1490 .
245 1458 346 1490 Fides
371 1462 427 1492 tua
453 1462 620 1505 exaltetur,

244 1506 354 1538 Omnis
378 1508 492 1540 vivens
518 1509 561 1540 sit
584 1510 723 1549 adiutor,

241 1553 386 1586 Infidelis
414 1557 627 1599 conculcetur,

242 1600 285 1632 Et
315 1606 467 1643 exsurgat
492 1608 620 1636 sanctus
642 1606 739 1648 rigor,

241 1649 342 1680 Fides
369 1653 478 1682 sancta
505 1652 693 1696 dominetur,

244 1695 390 1729 Infidelis
418 1702 519 1730 cesset
545 1700 645 1741 vigor.

207 1806 214 1812 .
240 1780 341 1813 Fides
367 1787 488 1824 sancta,
514 1785 692 1818 orthodoxa

240 1828 277 1860 In
302 1832 370 1861 toto
393 1832 511 1864 mundo
537 1831 667 1876 fulgeat,

242 1875 302 1908 Via
329 1881 432 1909 cesset
455 1879 636 1923 tenebrosa,

239 1923 326 1962 Quae
350 1925 414 1956 iam
440 1935 459 1958 a
482 1927 550 1959 Deo
578 1929 694 1961 deviat.

239 1970 309 2003 Tua
334 1971 415 2004 fides
441 1974 579 2007 odorosa

237 2018 377 2051 Errores
404 2024 533 2054 cunctos
560 2027 699 2057 revocat.

205 2130 212 2136 .
242 2104 304 2143 Qui
329 2115 393 2137 non
418 2111 540 2147 pugnat
563 2109 605 2141 ad
627 2110 773 2152 virtutes,

238 2152 303 2183 Hic
326 2152 443 2186 incidit
467 2155 501 2187 111
528 2156 648 2199 vitium,

239 2200 299 2239 Qui
323 2202 451 2234 reducit
476 2204 519 2235 ad
543 2205 673 2247 salutes,

236 2247 300 2279 Est
323 2250 476 2289 optimum
500 2251 666 2295 indicium,

239 2295 299 2334 Qui
324 2305 387 2329 non
414 2299 503 2330 delet
526 2309 621 2340 posse
644 2302 730 2344 lites,

239 2343 311 2375 Non
337 2345 422 2384 gerit
446 2346 498 2378 hic
523 2347 673 2383 officium.

902 821 934 853 6.

870 2115 923 2148 10.

962 820 1024 859 Qui
1048 820 1180 852 obviare
1207 821 1325 853 desinit

959 868 1064 900 Illatis
1090 867 1296 909 facinoribus,

959 915 1120 947 Altissimi
1146 925 1210 948 non
1235 917 1389 960 meminit,

962 963 1034 995 Non
1059 967 1168 995 manet
1191 964 1224 995 in
1251 964 1439 1007 honoribus,

958 1010 1002 1043 Et
1029 1009 1091 1049 1110,
1119 1011 1173 1051 qui
1200 1012 1297 1044 corde
1322 1013 1440 1054 arguit,

959 1058 1153 1097 Replebitur
1179 1059 1374 1093 muneribus,

958 1120 1018 1162 Tu,
1045 1124 1156 1152 sancte
1176 1130 1316 1153 summus
1335 1121 1495 1166 pontifex,

957 1168 1069 1208 Tuque
1093 1168 1178 1208 geris
1205 1168 1279 1201 alba
1305 1169 1406 1210 signa,

956 1215 1005 1246 Tu
1030 1224 1128 1256 super
1153 1225 1261 1248 omnes
1284 1217 1446 1260 locuplex,

958 1262 995 1294 In
1021 1266 1054 1293 10
1078 1263 1181 1295 virtus
1207 1265 1310 1296 omnis
1338 1264 1445 1307 digna,

956 1309 1006 1341 Tu
1031 1311 1121 1350 regni
1145 1311 1208 1342 Dei
1232 1312 1398 1352 particeps

955 1357 1067 1397 Tuque
1093 1358 1210 1390 caritas
1236 1358 1386 1399 benigna.

922 1445 929 1453 .
955 1419 1096 1451 Mundus
1122 1419 1187 1454 fide
1212 1421 1383 1454 dealbetur

956 1466 1113 1499 Glarescat
1122 1464 1214 1513 [que]
1240 1478 1299 1509 per
1313 1471 1491 1513 speculum,

956 1514 1020 1546 Per
1045 1519 1078 1547 te
1102 1515 1232 1548 fortiter
1257 1520 1428 1560 pugnetur,

955 1562 1001 1594 Ut
1024 1572 1117 1603 regas
1143 1567 1244 1596 totum
1270 1566 1445 1607 saeculum,

954 1610 1024 1642 Tua
1050 1611 1151 1643 virtus
1178 1612 1370 1653 dominetur,

953 1656 1120 1690 Laudetur
1143 1659 1176 1691 in
1201 1665 1405 1701 perpetuum,

953 1705 1022 1737 Tua
1045 1707 1200 1739 sanctitas
1227 1708 1378 1749 dignetur

952 1753 1133 1786 Absolvere
1156 1764 1208 1787 me
1234 1758 1408 1791 servulum.

919 1839 928 1847 .
955 1815 1103 1848 Candida
1127 1817 1219 1858 signa
1242 1819 1400 1860 indicant,

952 1863 998 1896 Ut
1023 1867 1148 1905 tempus
1176 1866 1220 1897 sit
1246 1867 1411 1911 victoriae,

952 1911 1013 1943 Tui
1037 1911 1151 1944 fideles
1176 1914 1323 1957 incitant,

952 1958 998 1991 Ut
1022 1959 1082 1991 tibi
1107 1961 1150 1992 sit
1173 1964 1360 2003 memoriae,

950 2006 997 2038 Ut
1019 2006 1166 2039 infideles
1192 2010 1329 2043 redeant

950 2054 1004 2086 Ad
1031 2063 1140 2095 regem
1165 2065 1308 2091 summae
1333 2060 1467 2101 gloriae.

954 2115 1033 2149 Cum
1059 2120 1185 2158 tempus
1211 2123 1411 2162 acceptabile

949 2165 1015 2197 Dat
1039 2164 1126 2198 Deus
1151 2171 1207 2199 aut
1231 2170 1360 2212 accidit,

950 2211 1100 2245 Sumatur
1124 2215 1159 2247 id
1185 2217 1333 2260 amabile,

950 2259 1069 2293 Beatus
1095 2263 1156 2303 vir,
1183 2265 1237 2304 qui
1263 2267 1392 2309 accipit,

950 2307 1032 2340 Nam
1058 2313 1183 2350 tempus
1211 2316 1260 2345 est
1285 2315 1449 2351 mutabile

949 2356 1142 2396 Imprudens
1168 2363 1227 2402 est,
1255 2363 1309 2402 qui
1333 2364 1485 2407 neglegit.

244 2415 299 2451 1,1
320 2419 380 2446 und
405 2419 447 2457 10,
465 2420 483 2448 2
503 2422 577 2450 fehlt
597 2425 663 2452 eine
677 2426 760 2455 Silbe
781 2435 828 2455 am
841 2429 947 2465 Ver;se
969 2431 1024 2460 lies
1044 2433 1124 2462 hier:
1145 2435 1293 2465 Dominus
1316 2440 1386 2468 odei
1400 2443 1485 2471 sive?
