1651 2700
741 141 1001 176 —236—

219 241 252 272 3.
278 239 351 272 Non
376 248 467 279 geras
492 239 663 279 quidquam
689 237 805 277 subito,

276 287 341 319 Sed
366 290 402 318 tu
425 286 602 328 prudenter
628 286 766 330 consule,

275 335 323 367 Tu
347 335 502 366 rationem
527 333 634 377 facito,

275 382 445 414 Moderate
465 380 519 414 fac
541 382 683 422 honeste,

273 429 344 462 Stes
369 429 400 461 in
427 438 535 461 amore
559 429 689 470 placito,

271 477 320 509 Tu
345 477 489 509 manebis
514 477 584 509 sine
607 481 707 517 peste.

241 607 247 613 .
274 582 357 621 Quid
382 591 444 614 non
464 591 639 622 praeparas
656 585 690 613 te
706 581 828 614 armis?

272 631 415 662 Procura
440 634 473 662 tu
496 630 681 670 hospitium,

272 677 320 709 Tu
347 677 533 709 succumbes
557 680 594 709 ut
617 678 747 709 inermis

273 724 470 765 Relinquens
501 733 652 764 praesens
678 725 827 766 spatium,

272 772 365 812 Cura,
391 772 446 803 ubi
471 773 578 804 salvus
601 772 674 813 eris,

270 819 309 850 In
329 819 416 851 caelo
442 822 492 851 est
515 818 676 853 solacium.

237 951 243 957 .
270 925 318 956 Tu
341 924 452 966 bonus
469 927 538 957 esto
564 924 696 966 iuvenis,

270 972 395 1013 Quippe
418 972 520 1006 redde
545 968 711 1013 senectuti,

268 1019 351 1059 Quid
375 1019 496 1060 perdis,
523 1020 550 1051 si
574 1026 610 1050 tu
635 1018 785 1051 subvenis

268 1066 329 1098 Tui
353 1067 491 1107 proximi
516 1065 637 1099 saluti?

269 1114 318 1145 Tu
342 1114 489 1154 proximo
514 1115 558 1145 sis
583 1114 721 1156 humilis,

266 1161 355 1193 Audi
379 1165 415 1193 tu
441 1162 481 1194 de
504 1162 580 1193 limo
606 1161 676 1196 luti,

271 1252 298 1284 5,
317 1252 338 1282 3
358 1255 445 1288 Quod
463 1255 569 1291 perdis.
590 1271 627 1275 —
645 1254 670 1289 7,
692 1254 711 1283 5
729 1255 777 1283 Ex
796 1264 841 1283 eo.

903 238 934 273 6.
959 238 1008 271 Tu
1034 236 1324 280 temperatus[que]
1352 247 1455 281 mane,

962 287 1162 320 conservans
1187 289 1222 318 tu
1248 286 1450 327 modestiam,

961 334 1006 366 Et
1029 343 1091 366 non
1119 334 1210 366 bibas
1236 337 1271 366 tu
1298 334 1339 366 de
1363 342 1466 375 mane,

963 382 1123 415 Conserva
1148 382 1393 422 moderantiam,

963 429 1046 463 Cura
1074 430 1182 462 vivere
1206 433 1241 462 tu
1266 439 1344 462 sane

962 478 1199 518 Repellcnsque
1219 478 1387 511 insaniam.

924 609 932 616 .
959 583 1147 615 Laudabilis
1173 583 1330 615 sobrietas

955 631 999 663 Et
1025 631 1296 663 commendandus
1322 631 1460 672 sobrius,

958 678 983 711 Ο
1009 688 1103 719 quam
1129 679 1246 711 nobilis
1271 680 1444 722 modestas,

957 725 1003 758 Ut
1028 731 1120 767 gerat
1145 727 1214 767 quis
1241 727 1423 759 honestius!

956 773 1008 805 Ex
1034 783 1072 806 ea
1096 779 1183 806 certe
1207 775 1330 807 sanitas

955 821 999 852 Et
1024 821 1102 853 nihil
1129 822 1201 862 ipsa
1226 823 1345 855 sanius.

921 952 929 960 .
955 926 1048 966 Quod
1073 926 1132 959 tibi
1159 930 1207 959 est
1232 927 1422 967 applicitum

955 973 1035 1008 Usu.
1063 983 1138 1006 casu
1163 975 1214 1006 vel
1239 978 1364 1017 natura,

956 1021 996 1053 Id
1021 1022 1131 1062 accipe
1155 1025 1190 1054 tu
1216 1022 1349 1063 licitum,

953 1069 1068 1101 Mente
1092 1072 1205 1109 patere
1229 1074 1263 1102 tu
1287 1080 1381 1113 pura,

954 1116 1025 1148 Non
1052 1126 1145 1158 geras
1169 1121 1205 1149 tu
1230 1119 1272 1150 ad
1298 1119 1435 1158 libitum,

955 1163 1018 1196 Sed
1046 1165 1216 1197 considera
1241 1171 1276 1197 tu
1301 1167 1382 1199 iura.

610 1395 658 1426 80.
698 1396 834 1435 Hymnus
856 1404 952 1437 super
974 1398 1089 1429 eodem.

228 1525 235 1532 .
262 1500 334 1533 Iam
359 1500 451 1533 homo
477 1502 580 1535 victor
603 1506 782 1546 permanet,

264 1547 298 1579 Si
324 1552 473 1580 constans
499 1548 592 1581 fortis
618 1551 753 1591 patiens,

261 1594 320 1633 Qui
346 1596 507 1634 patienter
532 1598 677 1638 sustinet,

260 1641 323 1673 Est
347 1651 381 1673 se
406 1642 532 1675 felicem
558 1642 691 1685 faciens,

259 1689 326 1721 Iam
353 1691 422 1730 quis
445 1691 631 1724 inconstans
657 1697 795 1736 corruet,

257 1737 330 1769 Non
357 1742 471 1778 regnat
495 1740 565 1779 quis
590 1741 775 1781 impatiens,

195 1844 227 1875 2.
249 1843 331 1875 Esto
354 1845 546 1887 patiensque
571 1845 674 1891 fortis,

254 1891 300 1923 Et
323 1892 468 1925 adversis
493 1903 556 1927 non
581 1896 767 1938 prostraris‚

256 1939 339 1972 Casu
363 1941 449 1973 malo
474 1942 566 1974 miles
593 1942 686 1975 fortis

255 1987 390 2026 Quidem
416 1998 479 2021 non
506 1993 745 2033 commovearis,

259 2035 390 2068 Cunctis
416 2037 505 2069 venit
530 2047 620 2070 casus
644 2040 757 2071 mortis

254 2083 338 2123 Quid
365 2092 405 2116 ex
430 2093 469 2117 ea
492 2088 527 2117 tu
552 2086 719 2119 turbaris?

759 2066 766 2083 7

218 2210 227 2218 .
252 2189 414 2222 Patientia
438 2192 508 2231 quis
533 2196 657 2235 regnat,

254 2235 330 2268 Sine
353 2237 426 2277 ipsa
448 2243 536 2271 certe
560 2240 636 2280 ruit,

253 2283 419 2316 Patienter
443 2287 513 2326 quis
539 2296 574 2319 se
599 2292 699 2330 gerat,

253 2331 406 2371 Alioquin
430 2333 501 2373 ipse
525 2334 596 2376 luit,

253 2377 288 2409 Si
313 2379 450 2411 adversa
475 2385 589 2413 cuncta
613 2381 707 2422 ferat,

252 2424 423 2458 Nobilibus
450 2436 485 2459 se
508 2428 621 2463 inunit.

891 1507 924 1537 4.
951 1506 1113 1539 Patientia
1138 1517 1230 1548 quem
1259 1509 1341 1541 ditat

948 1553 994 1585 Et
1016 1553 1090 1594 ipsa
1114 1565 1208 1595 quem
1233 1557 1393 1597 nobilitat,

947 1600 1110 1634 Patientia
1134 1612 1227 1643 quem
1253 1604 1342 1636 cibat

949 1649 1124 1690 Ipsumque
1150 1651 1343 1695 magnificat,

950 1696 1110 1730 Patientia
1136 1708 1230 1739 quem
1256 1699 1372 1741 firmat,

945 1743 1160 1786 vivificatque
1184 1753 1367 1789 prosperat.

912 1877 920 1886 .
945 1852 1055 1885 1ustus
1079 1857 1147 1886 esto
1172 1855 1306 1897 iustitia,

947 1900 1078 1934 Cunctis
1105 1903 1207 1935 redde
1231 1913 1288 1936 sua
1312 1905 1394 1949 iura,

946 1948 978 1980 A
1000 1952 1033 1980 te
1058 1953 1162 1982 cesset
1186 1952 1334 1991 avaritia,

947 1996 998 2028 Sit
1020 1998 1141 2030 munda
1166 2001 1222 2031 tua
1247 2008 1335 2042 cura,

944 2043 1016 2076 Stat
1038 2046 1142 2078 iustus
1166 2047 1200 2079 in
1224 2048 1349 2081 laetitia

944 2091 989 2124 Et
1013 2093 1046 2125 in
1071 2103 1164 2127 sacra
1189 2097 1386 2135 praelatura.

910 2223 918 2231 .
944 2198 1007 2232 Est
1031 2199 1133 2232 iustus
1159 2201 1194 2232 in
1219 2202 1355 2235 victoria

945 2247 982 2278 ln
1009 2245 1159 2287 famaque
1182 2249 1344 2282 laudabili

942 2294 1110 2333 Felicique
1135 2297 1291 2328 memoria

943 2342 982 2373 In
1006 2341 1140 2381 locoque
1165 2342 1317 2386 mirabili,

941 2388 979 2420 In
1006 2388 1203 2428 sempiterna
1228 2391 1334 2431 gloria

939 2435 975 2466 111
1006 2444 1145 2476 voceque
1170 2438 1333 2472 cantabili,
