1651 2700
728 123 991 158 —208—

220 218 251 249 7.
278 217 424 250 Summus
452 218 539 251 Deus
567 219 758 260 diligendus,

275 266 480 307 Adorandus,
507 267 718 311 venerandus,

277 313 442 345 Gloriosus
469 323 512 352 es,
541 314 703 354 colendus,

271 360 320 392 Tu
344 361 535 401 laudandus,
563 362 763 403 exaltandus,

271 407 317 439 Es
343 409 500 449 excelsus,
526 410 726 453 metuendus,

270 455 319 487 Tu
343 456 554 500 quaerendus,
582 459 827 497 exspectandus,

238 547 245 553 .
272 522 318 554 Te
343 531 451 555 omnes
476 532 590 567 mares,
619 523 756 556 feminae

270 570 428 610 Adorent‚
455 571 571 612 colant,
599 573 798 613 praedicent,

271 617 473 658 Spiritusque
495 619 620 650 animae

271 665 345 696 Tibi
371 666 540 706 exsultent,
566 667 711 706 iubilent‚

271 712 317 743 Te
343 713 547 745 discordante
570 715 695 746 nemine

270 759 371 790 Deum
397 760 545 792 timentes
571 762 714 802 diligant.

928 221 959 255 9.
988 220 1057 261 Ego
1084 224 1138 252 tua
1158 229 1232 252 sum
1257 219 1363 260 imago

984 268 1029 300 Et
1050 271 1106 300 tua
1130 277 1200 300 sum
1224 267 1449 310 praescriptio,

984 316 1053 357 Ego
1079 316 1192 356 loquor
1216 316 1251 347 in
1276 318 1319 358 te,
1346 324 1415 357 ago,

985 364 1068 396 Nam
1095 367 1144 395 est
1166 364 1201 395 in
1226 366 1259 395 te
1284 361 1452 405 perfectio,

983 412 1053 452 Ego
1078 421 1148 443 sum
1172 412 1206 443 in
1231 414 1286 443 tuo
1312 419 1401 451 agro,

986 460 1036 493 Sis
1060 460 1124 491 mei
1149 462 1184 491 tu
1209 458 1366 493 defensio.

950 555 956 561 .
983 527 1019 559 In
1046 527 1096 558 ira
1119 535 1184 558 non
1209 535 1261 558 me
1285 535 1412 567 arguas,

979 574 1061 606 Mihi
1085 583 1184 614 parce
1207 574 1381 615 peccatori,

980 622 1055 654 Mea
1079 625 1213 661 peccata
1241 623 1361 662 deleas,

979 670 1053 701 Tibi
1076 670 1178 702 honor
1201 670 1411 711 redemptori,

979 717 1043 749 Sed
1069 718 1145 749 mihi
1172 721 1207 749 tu
1232 718 1400 758 indulgeas

977 765 1021 797 Et
1046 774 1109 797 non
1134 766 1245 797 tradas
1271 775 1322 798 me
1347 765 1459 798 furori.

553 828 607 861 11.
635 828 704 868 Ego
730 829 881 869 hymnum
907 831 965 862 tibi
994 835 1086 864 canto

635 877 672 908 In
698 877 812 909 timore
836 879 1018 922 serviendo,

633 924 702 963 Ego
729 925 880 964 hymnum
905 926 965 958 tibi
990 927 1096 967 psallo

632 971 670 1003 In
696 972 811 1004 timore
834 974 1037 1016 exsultando,

633 1018 708 1050 Tibi
732 1020 852 1060 gratias
877 1031 950 1053 nam
976 1031 1035 1062 ago

632 1066 669 1097 ln
695 1076 803 1099 amore
827 1071 860 1100 te
884 1069 1038 1102 timendo.

318 1115 336 1145 3
356 1118 431 1145 fehlt
450 1121 515 1147 eine
534 1119 614 1148 Silbt
652 1121 721 1149 lies:
743 1122 870 1159 Spiritus
892 1127 980 1161 atque
1002 1126 1139 1154 animae?

549 1193 598 1224 34.
638 1194 781 1227 Homines
805 1196 911 1229 dicunt
930 1199 992 1230 Deo
1015 1199 1151 1231 Domino.

266 1252 379 1284 Cuncti
402 1262 522 1293 nosque
546 1254 679 1293 spiritus

264 1299 310 1331 Te
335 1299 506 1332 Dominum
531 1301 708 1343 laudamus,

264 1346 400 1387 Tibique
426 1348 578 1380 divinitus

262 1393 329 1425 Nos
355 1394 490 1427 Domino
517 1399 688 1440 cantamus,

267 1442 351 1473 Puro
378 1442 475 1474 corde
498 1444 641 1483 protinus

265 1488 332 1520 Nos
357 1489 415 1521 tibi
440 1490 620 1526 iubilamus.

227 1579 234 1586 .
261 1555 307 1587 Te
331 1555 431 1587 Deum
458 1565 657 1596 veneramur,

260 1603 307 1634 Te
331 1603 431 1634 Deum
458 1613 516 1636 nos
542 1605 689 1638 timentes

260 1650 304 1681 Et
327 1659 385 1682 nos
407 1651 610 1686 humiliamur

260 1697 307 1729 Te
330 1697 434 1730 Deum
460 1700 638 1744 diligentes,

259 1745 306 1776 Te
328 1745 432 1777 Deum
459 1747 676 1792 deprecamur,

260 1792 307 1824 Te
330 1792 433 1825 Deum
460 1799 691 1835 exspectantes.

224 1885 230 1891 .
257 1858 305 1890 Te
328 1858 431 1891 Deum
456 1862 635 1903 adoramus,

258 1906 305 1937 Te
330 1915 387 1938 nos
412 1907 640 1950 benedicimus,

259 1953 305 1985 Te
330 1963 387 1986 nos
413 1955 635 2000 glorificamus,

260 2000 399 2033 Colimus
425 2006 466 2043 te,
494 2005 683 2047 quaerimus,

256 2048 303 2080 Te
328 2049 429 2081 Deum
454 2051 657 2095 honoramus,

256 2096 363 2128 Vitam
388 2107 407 2129 a
431 2101 464 2130 te
487 2100 636 2139 petimus.

226 2188 232 2195 .
258 2163 368 2196 Habes
393 2168 428 2196 tu
455 2166 627 2199 dominium

253 2211 297 2243 Et
322 2212 420 2244 habes
445 2217 648 2259 potestatem,

251 2258 405 2292 Dominus
432 2270 465 2293 es
491 2264 640 2305 omnium,

252 2306 302 2339 Tu
326 2311 415 2341 tenes
441 2310 650 2353 maiestatem,

253 2355 302 2387 Tu
330 2355 480 2390 defensor
504 2360 652 2404 omnium,

252 2402 301 2435 Tu
327 2404 463 2444 praebes
491 2407 667 2444 caritatem.

891 1260 922 1293 5.
948 1259 1126 1292 Flectimus
1150 1271 1208 1293 nos
1234 1271 1336 1302 genua

948 1307 1031 1339 Nam
1056 1308 1115 1339 tibi
1140 1309 1284 1352 salutari,

949 1355 1046 1385 Venit
1070 1364 1089 1386 a
1114 1358 1147 1387 te
1171 1357 1276 1398 venia,

947 1402 995 1433 Tu
1023 1401 1103 1434 facis
1129 1412 1186 1435 1105
1210 1405 1370 1447 mundari,

946 1449 1075 1482 Summa
1099 1453 1134 1482 tu
1159 1452 1338 1488 clementia,

946 1497 1014 1536 Qua
1040 1497 1120 1530 facis
1145 1508 1203 1531 nos
1228 1500 1358 1533 salvari.

910 1588 917 1594 .
944 1564 995 1596 Tu
1019 1573 1158 1597 summus
1183 1575 1222 1598 ac
1246 1567 1430 1611 immensuS,

946 1609 1024 1654 (Tu)
1052 1621 1149 1652 super
1173 1622 1283 1646 omnes
1307 1615 1448 1657 imperas

942 1659 990 1690 Tu
1016 1668 1049 1691 es
1075 1669 1096 1692 a
1119 1669 1170 1692 me
1195 1661 1345 1703 offensus,

943 1706 1017 1738 Non
1041 1708 1086 1739 sis
1106 1711 1141 1740 tu
1157 1718 1208 1741 me
1231 1710 1387 1755 iudicans,

946 1753 1010 1786 Sed
1036 1764 1104 1787 sum
1131 1766 1149 1788 a
1174 1763 1207 1788 te
1233 1757 1393 1800 defensus,

942 1801 1018 1833 Sum
1044 1804 1210 1845 contritus,
1236 1806 1419 1843 lacrimans.

1452 1643 1460 1659 ²

907 1892 915 1900 .
941 1869 991 1901 Tu
1015 1879 1113 1910 super
1138 1881 1246 1905 omnes
1272 1883 1414 1917 magnus,

942 1917 1042 1949 Pater
1067 1927 1100 1950 es
1125 1921 1337 1962 omnipotens,

942 1964 992 1996 Tu
1017 1971 1199 2000 mansuetus
1224 1978 1335 2012 agnus,

942 2011 1051 2045 Fortis
1076 2017 1112 2046 tu
1137 2025 1194 2048 nos
1219 2018 1394 2060 redimens,

942 2060 991 2091 Tu
1015 2061 1131 2105 lumen,
1160 2064 1278 2105 luxque
1306 2067 1403 2107 salus,

943 2105 1021 2151 (Tu)
1046 2110 1145 2142 vitam
1171 2113 1262 2145 nobis
1286 2092 1466 2151 confer’ens.

907 2199 914 2206 .
941 2174 1009 2207 Nos
1034 2176 1095 2210 tibi
1122 2180 1316 2214 exsultamus

939 2222 984 2254 Et
1007 2224 1135 2263 placato
1161 2229 1339 2272 psallimus,

939 2270 987 2302 Te
1010 2281 1069 2304 nos
1091 2275 1331 2315 magnificamus

937 2317 984 2350 Et
1008 2317 1095 2365 (nos)
1119 2322 1154 2354 111
1180 2325 1278 2357 corde
1303 2327 1453 2370 gerimus,

939 2365 978 2398 In
1003 2367 1072 2401 Deo
1097 2379 1155 2402 nos
1180 2381 1356 2419 speramus,

941 2413 1089 2449 Gerimus
1116 2415 1178 2462 (et)
1206 2421 1408 2460 confidimus.
