1651 2700
702 133 941 169 -58-

184 237 217 269 3.
243 235 432 268 Fenestram
456 232 509 265 fur
534 232 687 265 ecclesiae

289 283 417 315 Intrans
443 281 482 313 ob
504 280 650 320 rapinam

246 332 311 365 Sua
334 332 455 362 mutata
479 327 564 360 facie

289 378 427 418 Recepit
448 376 601 417 ferinam3

244 426 353 459 Omnis
379 424 541 456 concurrit
564 422 710 463 populus,

243 473 351 507 Omnis
377 472 533 512 stupescit
556 471 665 503 oculus

289 521 419 553 Faciem
445 519 599 552 caninam.

199 596 206 603 .
241 570 296 601 Ad
323 567 464 600 tumbam
488 567 590 598 sancti
618 565 743 597 ducitur

286 616 411 655 Populo
437 618 559 653 orante,

237 664 355 695 Vultus
379 663 534 694 humanus
560 660 708 692 redditur

284 711 354 743 Deo
378 710 561 742 miserante.

206 815 212 822 ,
242 785 407 818 Abscondi
432 793 494 816 non
520 783 626 823 potuit

289 833 449 864 Virtutum
474 831 615 870 lucerna,

241 881 340 921 Quam
364 880 472 911 lucere
497 878 599 910 voluit

287 929 388 967 Iesus.
413 927 468 957 lux
493 932 633 965 aeterna,

241 975 334 1009 Filiis
360 973 515 1006 ecclesiae

240 1023 362 1055 Lumen
387 1023 423 1053 ut
448 1021 502 1053 det
527 1019 650 1060 gratiae

287 1069 338 1101 De
361 1069 433 1100 luce
457 1076 606 1107 superna.

200 1143 208 1150 .
243 1117 453 1151 Colomannus
478 1123 569 1147 roseo

288 1164 384 1196 Hunc
407 1163 558 1194 mundum
585 1169 698 1192 cruore

243 1212 390 1243 lllustrat
414 1214 445 1242 et
472 1210 563 1241 niveo

291 1258 489 1299 Resplendet
514 1257 662 1289 candore.

331 1344 377 1376 In
407 1342 639 1375 Laudibus

355 1418 449 1454 Super
470 1417 614 1445 Psalmos.

206 1512 213 1520 ,
243 1487 307 1519 Per
331 1488 363 1517 te
387 1488 461 1525 post
485 1484 634 1515 sinistrae
656 1485 758 1522 grata,

294 1533 495 1574 Colomanne‚
522 1539 654 1562 munera

246 1581 458 1621 Amplexetur
481 1588 538 1611 nos
563 1578 659 1610 beata

290 1628 352 1661 Dei
376 1628 442 1659 vivi
468 1627 611 1659 dextera.

363 1703 409 1730 Ad
426 1701 614 1730 Benedictus.

205 1790 210 1796 .
246 1762 447 1802 Colomanne‚
474 1759 603 1799 porrige

244 1810 377 1842 Manum
403 1811 436 1839 et
458 1816 516 1840 nos
542 1806 628 1846 erige

290 1857 344 1889 Ad
370 1864 449 1895 opus
474 1854 613 1893 virtutis,

244 1905 351 1937 Vitam
377 1906 519 1935 nostram
547 1901 672 1942 corrige

243 1952 288 1985 Et
310 1953 343 1984 in
369 1951 453 1983 viam
477 1949 580 1990 dirige

289 2000 384 2032 Pacis
410 2002 442 2030 et
466 1998 588 2029 salutis.

358 2085 436 2117 Per
460 2085 609 2117 Horas.

388 2160 432 2187 Ad
450 2160 587 2187 Primam.

207 2246 214 2253 .
249 2219 353 2260 Caeci,
381 2218 498 2261 claudi,
523 2218 624 2259 surdi,
651 2217 731 2249 muti

291 2266 479 2301 Colomanni
504 2266 608 2306 gratia

244 2316 401 2357 Sospitati
425 2314 567 2347 restituti

295 2363 393 2404 Sunt;
419 2363 489 2395 Deo
515 2363 556 2394 sit
583 2361 695 2403 gloria.

244 2431 269 2458 B
289 2429 338 2457 fol.
362 2427 440 2457 164b
463 2437 507 2465 sq.

1067 225 1113 253 Ad
1132 224 1272 251 Tertiam.

856 288 896 320 A.
929 286 1043 318 Pollex
1065 284 1170 324 pedis,
1196 282 1291 320 latus,
1319 288 1396 311 sura

974 333 1055 365 Iusti
1079 331 1172 363 huius
1197 327 1334 360 hominis

929 381 1060 421 Copiam
1086 379 1156 410 sine
1179 384 1328 408 mensura

975 427 1155 460 Profudere
1179 422 1353 464 sanguinis.

1082 501 1120 528 *ld
1135 500 1265 529 Sext-am.

853 562 894 594 A.
928 561 1031 594 Huius
1058 569 1133 592 caro
1158 557 1283 597 forcipe

973 608 1126 640 Finditur
1150 608 1284 638 vorante

924 655 995 688 Nec
1018 655 1167 687 turbatur
1190 652 1339 693 principe

973 702 1114 736 Caelesti
1140 702 1288 733 donante.

1074 777 1121 804 Ad
1142 776 1267 805 Nonam.

888 863 894 871 .
926 836 1089 868 Virtutum
1116 835 1309 866 charismata

975 883 1135 922 Spargens
1160 882 1320 921 potiorum

928 930 1114 964 Gaudenter
1139 930 1180 961 ad
1208 929 1345 960 sabbata

973 978 1095 1018 Migrat
1121 976 1339 1008 sabbatorum.

986 1064 1035 1095 In
1068 1064 1099 1096 2.
1126 1062 1343 1102 vesperis.

1071 1137 1268 1172 Antiphonae.

893 1222 900 1229 .
929 1196 1140 1229 Colomannus
1164 1196 1196 1227 in
1223 1203 1325 1236 agone

975 1243 1073 1276 Stetit
1097 1242 1296 1280 indeficiens,

931 1291 996 1332 Spe
1020 1291 1178 1323 mercedis
1204 1294 1236 1322 et
1261 1298 1398 1322 coronae

976 1339 1031 1371 Ad
1055 1341 1189 1371 mortem
1215 1337 1400 1370 oboediens.

896 1442 904 1450 .
930 1416 1016 1448 Vere
1041 1415 1143 1448 dulcis
1168 1415 1222 1446 hic
1246 1414 1370 1446 athleta

978 1463 1098 1496 Christi
1123 1461 1193 1494 fore
1215 1462 1342 1501 meruit,

931 1511 991 1550 Qui
1017 1511 1126 1543 subire
1150 1511 1250 1542 letum
1274 1510 1360 1541 laeta

976 1558 1088 1590 Mente
1111 1567 1175 1590 non
1200 1557 1380 1590 abhorruit.

897 1660 905 1668 .
931 1634 1048 1666 Nullus
1073 1635 1121 1666 sic
1145 1633 1312 1666 famelicus

979 1683 1128 1715 Festinat
1150 1682 1193 1714 ad
1220 1682 1359 1721 epulum,

930 1730 978 1763 Ut
1002 1730 1055 1761 hic
1078 1730 1173 1762 homo
1198 1730 1335 1761 caelicus

978 1777 1089 1811 Currit
1113 1778 1153 1809 ad
1179 1777 1371 1818 patibulum.

895 1871 903 1879 .
931 1846 1021 1878 Inter
1044 1855 1157 1878 manus
1182 1845 1321 1877 hostium

976 1893 1047 1925 Deo
1073 1892 1177 1924 factus
1203 1893 1309 1924 hostia

932 1940 1021 1973 Caeli
1045 1940 1132 1972 subit
1157 1941 1273 1972 ostium

976 1988 1095 2020 Restea
1119 1997 1178 2027 per
1202 1989 1294 2021 ostia.

1053 2063 1100 2090 Ad
1121 2063 1304 2100 Magnificat.

891 2148 899 2156 .
930 2121 1015 2161 Iesu,
1039 2121 1152 2153 relaxa
1179 2121 1288 2154 debita

978 2169 1042 2200 Per
1068 2168 1252 2201 Colomanni
1279 2171 1396 2202 merita

1026 2216 1166 2249 Nostrae
1192 2219 1405 2262 corruptelae,

932 2265 1060 2297 Pietate
1084 2265 1199 2297 inolita

980 2313 1071 2344 Bona
1095 2312 1237 2345 reforma
1261 2314 1402 2356 perdita,

1029 2360 1116 2393 Fons
1142 2361 1244 2392 omnis
1270 2362 1430 2395 medelae.
