1651 2700
672 147 905 183 -78-

354 244 564 279 Responsoria.

182 326 188 334 .
216 301 298 334 Suae
323 310 434 333 sacrae
459 302 591 341 spiritus

216 348 343 381 Sororis
371 349 521 381 divinitus

265 397 334 429 Deo
359 400 513 437 operante

217 444 380 484 Receptus
405 445 438 476 in
463 445 569 484 patria

217 491 279 524 Est
305 493 404 525 multa
431 500 498 523 cum
525 492 627 531 gloria

264 540 395 571 Martha
422 540 635 580 conspicante,

183 613 190 620 .
224 586 310 625 Quae
336 587 461 618 turbam
487 587 659 618 astantium

216 634 377 666 Hortatur
402 634 443 666 ad
469 635 619 674 gaudium

268 681 351 713 Voce
376 682 565 721 gratulante.

187 781 194 788 .
220 757 306 788 Ante
330 759 463 788 mortem
489 757 640 797 gravibus

215 803 305 835 Haec
330 812 388 843 per
412 813 528 835 annum
555 803 698 836 febribus

268 850 438 891 Languens
464 852 631 891 aestuavit,

220 898 336 930 Mortis
363 898 474 930 videns
500 898 622 930 aditum

223 945 317 977 Suum
345 946 450 977 statim
478 946 600 978 obitum

270 993 379 1024 Palam
405 993 574 1034 nuntiavit,

185 1068 191 1075 ‚
224 1040 345 1072 Terrae
371 1041 473 1072 carnis
501 1041 651 1084 debitum,

225 1087 293 1119 Deo
319 1091 422 1119 autem
449 1088 595 1127 spiritum

274 1134 371 1166 Suum
396 1136 624 1174 praesentavit.

190 1237 197 1245 ,
223 1210 367 1253 Domine,
396 1211 538 1250 egregias

225 1258 377 1290 Celebras
405 1258 570 1298 exsequias

270 1305 347 1337 Cum
373 1307 482 1336 sancto
508 1305 670 1337 Frontone

223 1352 325 1384 Felici
349 1355 381 1383 et
401 1352 533 1383 inclitae

222 1399 381 1438 Marthae,
407 1402 481 1431 tuae
507 1400 663 1440 hospitae,

273 1447 391 1479 Divine
417 1447 534 1489 colone,

189 1518 196 1526 .
229 1494 322 1526 Hanc
346 1497 453 1526 terrae
479 1494 637 1526 cineribus

224 1541 348 1574 Vestris
376 1542 460 1574 datis
484 1542 631 1575 manibus

273 1590 394 1623 Fausta
420 1590 576 1623 unctione.

191 1689 199 1697 .
227 1664 445 1697 Chlodovaeus
469 1665 626 1698 Franciae

224 1712 294 1744 Rex
319 1713 352 1743 in
378 1713 461 1753 regis
486 1714 607 1752 gloriae

273 1760 357 1792 Fide
381 1760 572 1800 baptizatur,

226 1807 348 1839 Renum
374 1811 497 1848 pestem
522 1809 653 1851 patitur,

223 1854 355 1886 Bustum
381 1855 530 1887 Marthae
554 1856 684 1899 petitur,

278 1901 431 1941 Sospitati
458 1903 570 1943 datur;

189 1974 196 1982 .
228 1949 346 1984 Locum
373 1959 432 1982 rex
456 1950 623 1994 gratificat,

228 1997 348 2037 Opibus
372 1997 563 2038 magnificat,

277 2045 412 2085 Hymnis
440 2049 619 2078 veneratur.

325 2150 370 2182 In
396 2150 610 2184 Laudibus.

372 2226 567 2263 Antiphonae.

194 2309 200 2316 .
228 2284 331 2318 Multo
357 2285 520 2318 Martham
544 2287 651 2319 induit

273 2332 427 2365 Dominus
455 2334 580 2376 decore,

229 2379 324 2412 Cuius
350 2382 459 2414 sedem
485 2384 593 2423 posuit

274 2429 392 2469 Magno
418 2430 451 2462 in
475 2431 605 2464 honore.

845 246 877 279 2.
904 244 1013 277 Omnis
1038 247 1135 282 terra,
1163 243 1299 275 Domino

951 292 1020 324 Deo
1045 290 1188 331 iubilate,

904 339 1067 372 Martham
1091 339 1160 371 sine
1185 338 1321 371 termino

952 387 1117 419 Laudibus
1144 389 1265 419 ornate.

846 473 877 506 3.
904 472 1002 514 Deus,
1029 472 1073 504 ad
1098 475 1130 503 te
1157 472 1271 511 vigilet

951 519 1003 551 De
1026 520 1097 551 luce
1121 518 1228 552 fidelis

905 567 1045 605 Martha,
1072 567 1133 598 tibi
1158 566 1271 598 rutilat

954 614 1041 653 Quae
1066 618 1102 645 ut
1126 615 1174 646 sol
1198 615 1230 645 in
1259 613 1366 647 caelis.

847 701 879 732 4.
908 699 1007 740 Caeli,
1035 699 1214 731 benedicite

955 747 1089 779 Domino
1116 747 1276 778 caelorum

905 794 950 826 Et
974 798 1039 827 tam
1065 797 1208 826 sanctam
1232 794 1356 835 iungite

956 842 1068 875 Choris
1092 842 1288 882 angelorum.

849 929 880 961 5.
906 927 1018 958 Tantis
1044 936 1102 966 pro
1122 926 1294 958 virtutibus

953 974 1104 1006 Marthae
1126 977 1191 1005 tam
1216 973 1322 1005 fidelis

905 1022 1080 1054 Iubilemus
1105 1021 1256 1053 laudibus

953 1069 1090 1101 Domino
1118 1070 1158 1101 de
1184 1069 1292 1101 caelis.

1025 1153 1071 1181 Ad
1089 1153 1278 1181 Benedictus.

834 1214 875 1245 A.
913 1212 1018 1245 Cornu
1042 1212 1130 1243 Deus
1155 1212 1253 1243 hodie

907 1260 944 1292 ln
973 1260 1064 1291 domo
1090 1260 1244 1291 ecclesiae

956 1306 1075 1339 Salutis
1102 1307 1213 1350 erexit,

907 1354 1058 1386 Marthae
1082 1354 1295 1394 patrocinium

909 1402 1010 1434 Omne
1035 1405 1147 1434 contra
1171 1402 1302 1434 noxium

956 1449 1039 1481 Dum
1064 1450 1157 1481 nobis
1184 1449 1313 1482 direxit.

1022 1583 1104 1615 Per
1130 1583 1276 1615 Horas.

1053 1657 1097 1685 Ad
1118 1658 1259 1685 Primam.

836 1716 877 1750 A.
909 1716 1134 1756 Redemptoris
1159 1717 1288 1756 hospita

957 1764 1070 1796 Nostri
1095 1765 1234 1805 gloriosa

910 1812 974 1845 Sua
997 1812 1040 1844 sit
1063 1821 1122 1852 per
1146 1812 1262 1844 merita

958 1860 1061 1892 Nobis
1087 1858 1261 1894 fructuosa.

1047 1945 1094 1972 Ad
1120 1946 1259 1973 Tertiam.

841 2003 880 2035 A.
913 2002 1006 2035 Salus
1031 2004 1154 2047 mundi,
1181 2005 1329 2046 Domine,

960 2052 1023 2083 Per
1050 2053 1152 2084 crucis
1179 2062 1363 2085 mucronem

916 2099 984 2130 Tuo
1009 2099 1090 2131 haec
1115 2100 1147 2132 in
1174 2101 1301 2133 nomine

961 2146 1090 2179 Deiecit
1117 2148 1298 2184 draconem.

1062 2234 1107 2261 Ad
1128 2234 1256 2263 Sextam.

841 2290 883 2323 A.
915 2291 1065 2324 Marthae
1089 2302 1186 2333 prece
1211 2294 1354 2327 Lazarus

963 2339 1088 2373 Gaudet
1116 2343 1300 2385 suscitatus,

915 2388 1013 2427 Quem
1040 2395 1171 2423 vorarat
1195 2394 1338 2424 tartarus

962 2437 1016 2468 Ad
1040 2446 1165 2477 poenas
1191 2445 1334 2480 paratus.
