1651 2700
730 144 896 179 —200
947 163 993 169 -

653 266 702 297 22.
743 266 879 305 Hymnus
901 265 937 298 de
958 265 1072 297 eodem.

220 366 251 401 1.
279 366 303 398 O
331 367 471 398 divinum
497 369 730 398 sacramentum

276 413 322 446 Et
347 414 525 446 convivium
548 414 739 457 mirandum,

276 461 325 493 Tu
349 471 465 494 novum
494 458 555 506 [es]
583 464 807 494 testamentum

272 509 317 540 Et
341 519 360 541 a
386 510 507 541 cunctis
531 510 759 551 venerandum,

272 556 322 588 Tu
346 557 380 589 in
405 556 470 589 fide
494 556 728 589 firmamentum

271 604 316 636 Et
340 604 381 636 ab
407 604 552 636 omnibus
577 605 759 646 tenendum,

271 651 321 683 Tu
346 652 433 692 quod
459 652 558 684 donas
581 653 808 684 nutrimentum

270 699 377 731 Datur
403 700 524 731 cunctis
550 700 592 732 ad
617 700 798 743 vivendum,

272 747 322 778 Tu
348 755 380 778 es
406 756 560 778 summum
586 748 770 779 alimentum

270 793 315 825 Et
338 794 372 825 in
397 794 488 826 nobis
513 796 754 838 recensendum,

273 841 322 872 Tu
348 842 484 873 caeleste
509 845 727 882 argumentum

274 889 328 921 Ad
352 888 464 921 fideles
490 890 708 928 recreandum,

272 936 321 967 Tu
348 935 506 968 defunctis
532 941 768 969 monumentum

271 983 380 1015 Donas
405 987 612 1025 sanctumque
635 986 827 1025 sepulcrum.

905 369 936 401 2.
961 366 1059 398 Panis
1084 366 1185 408 vivus,
1214 365 1267 405 qui
1294 364 1474 404 descendit,

961 413 1097 446 Sanctus
1124 414 1165 445 de
1190 413 1278 445 caelo
1306 413 1458 455 cernitur,

960 461 1042 493 Nam
1068 461 1108 493 ab
1136 470 1173 493 eo
1197 460 1264 493 vita
1289 460 1389 504 venit,

960 509 1025 541 Hic
1049 509 1189 550 gratiose
1213 508 1346 551 geritur,

959 557 1055 589 Hunc
1085 559 1215 589 sanctus
1239 559 1334 597 pater
1359 556 1522 598 praebuit,

959 604 1151 636 Hominibus
1177 604 1381 647 compatitur,

959 652 1011 684 Ex
1037 661 1073 684 eo
1098 653 1205 684 lumen
1232 652 1348 684 claruit

959 700 1145 740 Lumenque
1169 700 1288 732 mundo
1314 698 1472 740 funditur,

958 747 1046 779 Deus
1072 748 1168 779 saluti
1193 748 1315 788 annuit,

959 794 1036 827 Cum
1062 795 1104 827 ad
1129 796 1279 827 virtutem
1304 796 1451 839 sentitur,

958 842 1039 874 Nam
1067 843 1184 874 rationi
1210 843 1366 884 congruit,

960 889 995 922 Si
1022 890 1117 931 digne
1143 893 1230 922 certe
1254 891 1401 931 sumitur,

958 938 1021 969 Hic
1045 938 1232 978 paradisum
1257 939 1372 981 aperit,

958 986 1021 1018 Per
1044 985 1131 1017 idem
1158 986 1279 1017 caelum
1305 986 1484 1019 scanditur.

273 1066 299 1098 2,
320 1067 340 1095 4
359 1068 416 1096 His
437 1070 575 1105 gratiose.
596 1083 633 1088 -—-
654 1067 681 1103 2,
703 1067 739 1097 13
759 1070 817 1097 His
837 1069 1015 1105 paradisum.

611 1190 658 1221 23.
699 1190 834 1228 Hymnus
859 1199 953 1231 super
976 1191 1091 1223 eodem.

237 1310 244 1318 .
272 1286 315 1318 Ut
339 1286 450 1327 intres,
475 1297 539 1319 non
564 1298 633 1321 sum
661 1290 773 1330 dignus

269 1334 336 1366 Iam
362 1337 395 1366 tu
421 1335 479 1366 sub
506 1344 608 1367 meum
630 1340 759 1378 tectum,

269 1380 344 1413 Sum
369 1382 533 1422 malusque
558 1384 725 1425 malignus,

267 1428 323 1460 Me
348 1437 500 1469 cognosco
525 1430 758 1472 imperfectum,

267 1475 346 1508 Esto
371 1477 506 1517 piusque
530 1478 693 1522 benignus,

267 1522 316 1554 Tu
341 1524 475 1556 reducas
500 1535 550 1557 me
577 1527 747 1559 desertum.

894 1292 924 1323 2.
949 1291 1005 1323 Me
1028 1294 1190 1323 mortuum
1212 1290 1350 1331 vivifica,

953 1339 1003 1370 Tu
1026 1339 1114 1370 vitae
1139 1347 1190 1370 me
1215 1338 1360 1379 restitue,

955 1382 1027 1429 [Tu]
1054 1395 1106 1417 me
1130 1386 1293 1426 perditum
1318 1386 1474 1427 instaura,

953 1433 1001 1465 Tu
1026 1443 1077 1465 me
1103 1433 1259 1475 conforta,
1287 1434 1399 1476 dirige,

952 1481 1007 1512 Me
1031 1482 1156 1513 tristem
1181 1484 1216 1513 tu
1239 1481 1389 1525 laetifica,

952 1528 989 1560 111
1015 1529 1107 1561 bonis
1132 1538 1183 1561 me
1210 1530 1378 1562 constitue.

572 1614 603 1645 3.
629 1613 694 1645 Per
718 1615 750 1644 te
775 1613 881 1645 anima
907 1618 1073 1657 purgatur,

627 1660 676 1692 Tu
701 1661 862 1701 pellisque
888 1661 1055 1704 insaniam,

628 1707 692 1739 Per
716 1711 749 1739 te
775 1709 880 1741 anima
905 1712 1045 1750 sanatur,

627 1755 807 1788 Reducitur
832 1757 875 1789 ad
901 1758 1047 1799 gratiam,

627 1803 693 1835 Per
717 1807 750 1835 te
775 1804 882 1837 anima
906 1806 1059 1848 salvatur,

630 1850 827 1884 Conducitur
853 1853 895 1885 ad
921 1853 1065 1894 glorium.

273 1930 296 1964 1,
319 1929 354 1958 1-
376 1929 392 1959 3
415 1932 483 1961 incl.
504 1933 578 1962 fehlt
592 1935 624 1970 je
645 1936 710 1963 eine
731 1936 814 1965 Silbe
835 1946 882 1965 am
902 1938 1003 1966 Verse.

444 2045 493 2076 24.
533 2046 670 2085 Hymnus
692 2048 729 2079 de
749 2049 878 2082 Domino
901 2052 1008 2083 nostro
1028 2052 1102 2083 Iesu
1124 2052 1255 2086 Christo.

262 2141 342 2184 Ave,
370 2146 479 2175 sancte
503 2144 575 2177 Iesu
602 2145 738 2190 Christe,

263 2188 312 2220 Tu
336 2189 399 2222 Dei
423 2192 525 2231 patris
550 2192 645 2235 filius,

261 2236 342 2280 Ave,
369 2240 405 2270 tu
430 2248 468 2271 ex
494 2249 615 2274 summo
640 2246 743 2286 patre,

261 2284 311 2316 Tu
336 2285 402 2318 eius
426 2288 617 2332 unigenitus,

232 2358 239 2365 .
265 2331 371 2365 Fuisti
393 2340 467 2367 ante
490 2338 618 2370 saecula

259 2379 311 2411 Ex
336 2390 457 2416 summo
481 2388 576 2425 patre
602 2385 667 2429 [tu]
695 2391 799 2433 natus,

260 2427 309 2459 Tu
332 2429 439 2463 lumen
465 2441 498 2464 es
525 2433 565 2465 de
589 2435 708 2468 lumine

973 2152 1018 2184 Et
1043 2152 1083 2184 de
1107 2152 1177 2185 Deo
1203 2152 1291 2185 Deus
1316 2162 1424 2186 verus.

973 2201 1055 2243 Ave,
1082 2204 1203 2243 sancte,
1228 2201 1398 2233 incarnate

942 2269 951 2279 .
977 2248 1106 2280 Virtute
1130 2250 1235 2282 sancti
1261 2250 1406 2290 spiritus,

972 2296 1022 2328 Tu
1047 2305 1087 2329 ex
1111 2297 1219 2330 Maria
1244 2297 1370 2338 virgine

971 2344 1076 2377 Homo
1101 2354 1196 2378 verus
1222 2345 1352 2387 quidem
1374 2344 1492 2387 factus,

972 2392 1021 2424 Tu
1046 2402 1106 2433 pro
1132 2393 1271 2427 humano
1297 2402 1414 2435 genere

973 2441 1182 2484 Verberatus,
1209 2441 1381 2476 crucifixus
