1651 2700
707 141 964 177 —157—

578 237 608 268 5.
636 236 717 277 Ave,
743 246 814 270 mea
837 239 951 280 gloria,

683 283 801 317 Sancte
825 295 907 327 puer
935 288 1016 332 Vite⁷

632 332 693 372 Qui
717 333 824 365 vicisti
850 336 958 368 omnia

680 379 770 413 Mala
792 381 886 414 huius
912 384 1008 422 vitae,

630 428 707 460 Mea
734 429 805 461 dele
831 430 920 472 vitia,

679 476 762 509 Tota
787 487 866 517 rogo
893 480 925 512 vi
950 484 993 521 te,

630 523 728 569 Dans,
758 525 866 558 bibam
891 527 925 559 in
950 530 1058 568 patria

677 572 724 605 Ut
750 573 790 605 de
816 583 894 607 vera
919 576 995 611 vite.

240 623 269 650 A
288 624 338 652 fol.
363 622 431 653 1321.
453 641 489 646 -—
510 624 537 660 4,
561 624 575 654 1
597 630 762 656 victoriam.

597 721 645 753 86.
685 722 730 754 De
751 725 860 756 sancto
882 725 1059 758 Wilhelmo.

178 778 208 810 1.
236 779 318 819 Ave,
346 788 364 811 o
390 781 541 814 aetheree
877 804 904 820 J.
932 790 1012 832 Ave,
1040 789 1094 829 qui
1119 790 1275 822 malitiam

282 827 467 871 Wilhelme,
497 830 562 862 dux
588 831 683 871 mitis,
979 837 1103 869 Proicis
1127 838 1331 880 mundanam,

236 874 309 907 Non
335 877 491 909 tumultus
517 881 644 911 terreae
932 883 1075 916 Probans
1103 893 1173 917 esse
1198 887 1334 926 gloriam

285 923 427 964 Superat
450 928 483 956 te
508 926 585 969 litis,
977 932 1083 972 Ipsius
1110 933 1266 974 insanam,

235 970 312 1007 Ora,
339 981 380 1004 ne
406 976 569 1006 tartareae
929 980 989 1019 Da,
1019 989 1060 1011 ne
1086 981 1213 1021 culpam
1238 982 1366 1014 noxiam

281 1020 338 1051 Me
363 1019 418 1052 fax
445 1025 520 1053 urat
545 1023 626 1063 sitis,
977 1027 1099 1067 Sequar
1124 1037 1227 1069 neque
1252 1039 1377 1071 vanam,

236 1066 300 1099 Sed
326 1068 475 1100 caelestis
503 1070 616 1102 vineae
928 1074 979 1105 lta
1005 1075 1233 1108 conscientiam

282 1115 339 1147 Me
365 1115 518 1148 fecundet
543 1118 629 1152 vitis.
974 1122 1120 1154 Habeam
1145 1126 1181 1155 ut
1204 1133 1325 1157 sanam.

172 1183 204 1214 2.
233 1181 314 1221 Ave,
342 1182 396 1222 qui
423 1181 563 1216 feliciter
865 1190 897 1223 4.
924 1189 1006 1229 Ave,
1034 1189 1089 1229 qui
1113 1191 1310 1223 monasticos

277 1230 462 1263 commutas
488 1233 628 1273 terrena,
973 1236 1144 1269 Comitaris
1169 1236 1264 1270 flores

227 1277 275 1310 Ut
299 1277 419 1310 fruaris
446 1279 585 1312 dulciter
922 1285 1075 1324 Exempli
1098 1285 1260 1319 salvificos

273 1324 339 1358 Pro
365 1327 416 1358 his
442 1328 523 1359 caeli
550 1337 638 1371 cena,
968 1333 1019 1364 Pii
1043 1342 1156 1365 rorans
1181 1332 1287 1377 fiores,

226 1374 314 1413 Pete,
347 1383 388 1407 ne
412 1384 464 1407 me
487 1377 627 1417 turpiter
920 1381 967 1413 Ut
991 1390 1054 1413 non
1083 1381 1260 1414 diabolicos

275 1422 398 1463 Culpae
423 1427 516 1456 voret
540 1433 654 1466 poena,
969 1428 1093 1469 Sequar
1120 1430 1322 1474 deceptores,

229 1470 294 1503 Sed
319 1471 362 1502 sit
387 1480 458 1504 meo
483 1473 602 1513 iugiter
919 1477 1004 1509 Mihi
1031 1477 1073 1509 da
1097 1478 1260 1518 angelicos

273 1518 372 1551 Cordi
397 1529 462 1560 pax
486 1529 612 1554 serena.
967 1525 1037 1557 Tua
1061 1534 1160 1565 prece
1185 1536 1299 1561 mores.

558 1590 588 1621 5.
616 1588 697 1629 Ave,
726 1590 781 1630 qui
807 1591 849 1623 ad
875 1592 1028 1631 gaudium

663 1637 797 1669 Transis
824 1640 1026 1680 gaudiorum,

615 1685 805 1718 permutans
833 1688 1027 1720 consortium

659 1734 724 1766 Pro
749 1735 868 1767 mundo
895 1740 1090 1780 sanctorum,

611 1780 740 1824 Confer,
767 1785 802 1814 ut
827 1784 982 1816 solacium

657 1829 794 1871 Fugiam
820 1841 1004 1876 pravorum,

609 1878 655 1911 Et
679 1879 723 1910 sit
746 1879 827 1911 mihi
851 1882 1028 1921 praemium

655 1927 760 1960 Dator
785 1929 1014 1968 praemiorum.

220 1970 246 1997 A
267 1970 318 1998 fol.
342 1968 411 2000 13b.

452 2047 497 2079 87.
537 2048 582 2080 De
603 2057 643 2080 ss.
666 2049 873 2089 Scholastica,
894 2051 1062 2093 Dorothea,
1085 2053 1168 2085 aliis.

157 2107 188 2142 1.
215 2108 298 2149 Ave,
325 2117 344 2140 o
370 2108 582 2152 Scholastica,
851 2115 883 2147 2.
909 2114 992 2156 Ave,
1017 2114 1079 2147 Dei
1105 2114 1182 2156 filia,

261 2156 360 2197 Virgo
387 2160 480 2198 grata
504 2158 584 2199 Deo,
957 2162 1058 2203 Virgo
1081 2163 1259 2206 Dorothea‚

213 2204 301 2237 Cane
326 2214 386 2245 pro
412 2215 463 2238 me
491 2207 618 2240 cantica
910 2209 1047 2243 Scandis
1074 2212 1116 2244 ad
1141 2213 1294 2244 caelestia

257 2253 379 2286 Plausu
404 2254 555 2297 iubilaeo,
957 2259 1023 2291 Per
1050 2259 1170 2292 Christi
1195 2263 1340 2305 tropaea,

209 2301 306 2334 Desit
332 2302 494 2336 diabolica
909 2307 1001 2339 Inter
1026 2308 1107 2340 caeli
1135 2308 1206 2341 lilia

259 2351 369 2383 Poena
394 2352 473 2384 mihi
499 2361 566 2393 reo,
957 2354 1078 2396 Fulges
1106 2358 1198 2397 quasi
1227 2357 1296 2399 dea,

212 2397 376 2432 claudant
402 2409 503 2441 regna
529 2402 650 2434 caelica
908 2401 961 2435 Sis
987 2404 1065 2436 mihi
1091 2406 1244 2447 propitia,

257 2446 314 2479 Me
340 2457 411 2480 cum
436 2449 511 2481 Iesu
536 2459 618 2484 meo.
956 2451 1069 2485 Dulcis
1096 2463 1215 2495 sponsa
1239 2463 1321 2490 mea.
