1651 2700
685 142 927 176 —31—

590 242 617 273 8.
659 242 703 273 De
723 244 833 275 sancto
853 244 1021 278 Dorothea.

411 306 441 340 1.
470 307 626 340 Caelestis
652 310 760 348 patria
786 319 915 344 carmen
939 313 1130 356 angelicum,

465 355 574 387 Mater
600 357 736 390 ecelesia
759 358 912 398 hymnum
938 362 1194 404 symphonieum‚

466 402 570 435 Dulce
596 405 755 445 spirantia
781 407 973 449 depromant
999 411 1158 443 canticum

513 451 700 485 Dorotheae
724 463 784 494 pro
810 456 925 496 gloria.

408 514 440 548 2.
465 513 516 546 De
544 515 625 547 caeli
650 517 758 556 patria
783 516 886 559 fulget
910 519 990 551 haee
1015 521 1146 554 stellula

463 562 588 595 Mundo
614 564 737 596 nobilia
762 564 870 598 ferens
896 568 1062 609 miracula,

463 609 643 643 Laetentur
668 613 775 645 omnia
801 618 915 648 cuneta
939 625 999 656 per
1024 618 1163 659 saecula,

512 658 632 700 Solum,
659 661 753 700 polus
780 664 812 693 et
839 664 951 697 maria.

405 721 436 753 3.
464 720 540 752 Sole
565 723 764 761 praeclarior
787 724 895 757 laudis
920 726 1001 758 haee
1026 727 1130 768 titulo,

461 769 583 802 Austro
609 769 764 811 fulgidior
791 773 944 806 virtutum
970 775 1110 815 speculo,

462 817 542 857 Igne
566 819 703 851 activior
728 821 846 852 amoris
872 823 991 863 osculo,

508 865 638 898 Nostris
664 867 706 899 sit
731 868 814 900 votis
840 870 957 909 aptior.

400 928 434 960 4.
460 927 552 960 Mitis
579 931 611 960 et
635 929 775 972 humilis,
804 933 949 971 exemplo
973 933 1098 975 inclita,

458 975 512 1007 Ad
536 976 652 1008 bonum
679 978 782 1018 agilis,
810 979 988 1012 abhorrens
1013 982 1124 1023 vetita,

459 1023 543 1055 Tota
566 1024 752 1067 laudabilis,
781 1027 900 1059 virtute
925 1028 1020 1060 solita

505 1071 607 1103 Nobis
633 1073 713 1104 assit
737 1074 919 1113 placabilis,

396 1134 428 1165 5.
456 1132 525 1172 Ope
549 1131 706 1166 fortificat
729 1135 848 1167 vallem
872 1137 1032 1179 miseriae,

456 1180 530 1212 Vita
555 1180 706 1214 aedificat
733 1183 861 1215 domum
887 1184 1051 1225 ecclesiae,

451 1227 565 1261 Laude
590 1230 775 1270 magnificat
800 1232 979 1272 principem
1005 1234 1136 1275 gloriae,

500 1277 663 1310 Universa
688 1278 852 1314 laetificat.

394 1338 424 1370 6.
453 1338 548 1370 Nunc
573 1348 697 1379 pernox
723 1342 869 1382 porrigat
893 1352 1022 1375 manum
1047 1344 1244 1389 labentibus,

450 1387 625 1427 Prolapsos
650 1389 753 1430 erigat
777 1390 928 1429 precibus
954 1391 1092 1432 iugibus,

447 1434 584 1467 Erectos
612 1437 754 1477 corrigat
777 1438 887 1477 pravis
914 1438 954 1471 ab
981 1440 1106 1473 actibus

495 1482 541 1515 Et
566 1484 606 1515 ad
632 1485 767 1517 salutem
797 1486 925 1526 dirigat.

388 1545 419 1578 7.
448 1544 539 1577 Patri
565 1545 741 1580 fortissimo
766 1549 837 1580 laus,
864 1551 897 1580 et
919 1550 1101 1592 imperium,

447 1593 553 1626 Veibo
581 1595 767 1628 doctissimo
792 1605 926 1637 regnum
952 1598 995 1629 sit
1018 1599 1151 1640 regium,

445 1642 613 1674 Pneumati
640 1644 761 1684 optimo
789 1645 886 1676 deeius
913 1646 1074 1687 eximium,

494 1690 558 1723 Uni
583 1692 669 1723 trino
700 1692 894 1725 dulcissimo.

198 1744 222 1771 B
244 1744 295 1772 fol.
320 1742 376 1772 172
395 1746 424 1774 b.

576 1821 602 1852 9.
643 1822 687 1853 De
708 1823 816 1854 saneto
840 1823 983 1855 Erasmo.

126 1889 157 1922 1.
186 1887 317 1924 Erasmi
345 1891 385 1924 de
410 1892 547 1925 victoria
774 1897 806 1930 4.
833 1891 955 1937 SigniS‚
982 1896 1101 1940 verbis,
1128 1897 1285 1930 subsidiis

186 1939 334 1983 Psalmis,
362 1940 500 1981 hymnis,
530 1941 731 1975 dramatibus
832 1945 967 1976 Animas
992 1944 1172 1977 infidelium

183 1986 372 2021 Gratuletur
398 1989 545 2032 ecelesia,
830 1992 908 2025 Tuis
936 1993 1028 2025 dedit
1051 1994 1209 2036 imperiis,

180 2035 371 2069 Exsultet
384 2038 534 2070 caelum
545 2039 742 2074 laudibus.
828 2041 909 2074 Rex
923 2040 1102 2085 Christe,
1118 2041 1250 2075 factor
1263 2044 1440 2079 omnium.

120 2099 150 2129 2.
180 2096 282 2139 Regis
306 2098 424 2132 ferocis
450 2102 587 2140 pertulit
770 2106 800 2137 5.
828 2100 934 2137 Multo
961 2113 1089 2136 caesum
1113 2106 1271 2145 martyrio

176 2147 333 2180 Erasmus
361 2148 606 2189 disterminium‚
828 2151 1009 2191 Martyrem
1030 2153 1117 2185 hune
1139 2153 1305 2185 emeritum

177 2196 331 2236 Aegrotis
354 2201 463 2229 mente
489 2199 626 2230 contulit
828 2200 911 2233 Unis
940 2200 1036 2241 digne
1062 2201 1236 2242 consortio,

175 2244 355 2285 Magnum
381 2246 526 2278 salutis
546 2247 743 2287 gaudium.
828 2247 958 2286 Deus,
984 2252 1147 2281 tuorum
1171 2249 1366 2296 militum.

118 2306 151 2338 3.
178 2303 332 2340 Ardebat
357 2308 488 2348 quidem
512 2309 653 2342 reddere
769 2312 799 2344 6.
827 2306 967 2343 Valvam
990 2310 1108 2350 pandis
1134 2311 1319 2344 aetheream

176 2354 325 2388 Heredes
351 2356 399 2388 tui
424 2355 485 2389 filii
828 2358 946 2391 Sancto
971 2360 1062 2391 tanto
1090 2358 1277 2400 dignissime

173 2402 242 2436 Tuo
268 2403 330 2436 ‘tibi
356 2413 395 2437 ex
421 2413 565 2448 munere,
828 2407 906 2440 Post
932 2415 1082 2440 coronam
1107 2416 1297 2449 pupuream,

171 2451 317 2484 Summi
349 2453 525 2494 largitor
549 2455 741 2496 praemii.
826 2455 1016 2488 Aeterne
1041 2464 1116 2488 rex
1141 2456 1371 2490 altissime.
