1651 2700
162 331 193 363 1.
222 331 303 371 Ave,
329 334 365 363 tu
390 331 522 365 Siciliae

266 379 396 419 Agatha
421 383 568 422 patrona,

219 426 431 460 Multiformis
457 430 581 469 gratiae

269 474 392 507 Rident
417 476 450 508 in
477 480 510 509 te
537 478 598 510 don

219 523 379 555 Adcurris
404 525 553 557 miseriae

266 571 373 611 Pagan
378 581 467 604 orum
493 583 605 614 prona,

218 619 279 659 Qui
308 620 551 654 misericordiae

269 667 358 700 Tuae
381 669 519 702 laudant
540 671 634 703 dona.

179 787 187 795 .
218 763 299 807 Ave,
329 773 346 795 o
374 765 502 805 egregia

265 812 379 853 Virgo,
406 822 525 853 sponsa
552 815 597 848 Ch

216 859 266 891 Tu
291 869 351 900 pro
379 861 469 892 cuius
495 863 600 902 gloria

265 907 461 948 Sanguinem
486 909 611 952 fudisti,

221 954 300 987 Cum
324 957 439 988 mundi
463 956 596 991 fallacia

268 1002 419 1036 Satanam
446 1005 562 1049 vicisti,

218 1050 352 1091 Ingredi
379 1053 531 1085 caelestia

264 1098 378 1140 Regna
405 1101 561 1134 meruisti.

548 1199 579 1230 5.

711 137 944 172 -119—

607 245 656 277 24.
686 246 729 278 De
749 249 862 279 sancta
883 249 1019 288 Agatha.

858 339 889 372 3.
916 339 997 378 Ave,
1025 340 1119 372 vallis
1145 341 1259 381 lilium,

964 386 1143 420 Siculorum
1170 389 1274 433 stella,

918 435 1054 467 Virtutis
1084 436 1257 477 hospitium

962 483 1009 515 Et
1033 484 1163 516 honoris
1188 486 1281 526 cella,

915 531 979 563 Pro
1003 540 1054 563 me
1080 531 1142 564 Dei
1167 532 1280 573 filium,

965 580 1095 618 Precor,
1126 580 1312 624 interpella,

915 627 1057 669 Elonget
1081 631 1118 659 ut
1143 629 1255 661 Vitium

963 676 993 707 A
1018 685 1070 708 me
1097 679 1130 708 ct
1153 675 1293 718 flagella.

602 488 630 520 a)

858 773 891 803 4.
918 772 1000 812 Ave,
1026 781 1086 812 pro
1111 774 1298 813 peccamine

962 820 1046 864 Meo,
1078 829 1205 861 precor,
1233 831 1290 853 ora

916 867 1049 908 Tuoque
1073 870 1258 908 precamine

966 916 1096 948 Veniam
1122 916 1271 960 implora,

913 963 1041 995 Mecum
1067 965 1099 995 in
1127 966 1272 997 examine

962 1010 1013 1043 Sis
1038 1012 1071 1043 in
1097 1012 1185 1044 necis
1211 1013 1302 1053 hora,

913 1058 970 1089 Pio
996 1059 1054 1091 sub
1083 1060 1238 1092 velamine

960 1105 1069 1138 Mortis
1102 1116 1217 1148 rumpe
1240 1108 1320 1141 lora.

602 816 684 859 risti,

608 1198 689 1237 Ave,
717 1207 823 1240 surge,
849 1198 918 1232 filia

652 1244 728 1277 Sion
754 1255 921 1288 generosa,

604 1293 677 1325 Non
704 1295 745 1326 ad
774 1296 937 1328 desideria

650 1342 726 1374 Mea
752 1342 796 1374 sis
821 1352 960 1384 morosa,

604 1388 668 1421 Sed
694 1389 735 1422 ab
760 1391 821 1423 hac
846 1392 979 1424 miseria

650 1437 766 1470 Mundi
793 1439 962 1472 turbinosa

602 1485 657 1517 Me
679 1486 720 1518 ad
747 1487 830 1519 caeli
855 1488 973 1528 gaudia

647 1533 728 1575 Duc,
759 1544 777 1567 0
801 1536 952 1576 gloriosa.

212 1625 239 1652 A
258 1625 309 1653 fol.
330 1623 402 1654 8010.
417 1641 455 1646 —
478 1628 501 1656 C
519 1628 571 1656 fol.
594 1627 682 1657 248a.
698 1645 736 1649 —
759 1628 802 1657 Ia
821 1639 865 1667 sq.
886 1631 989 1659 lauten
1009 1633 1042 1659 in
1064 1632 1099 1659 C:
1121 1632 1241 1668 Agatha
1262 1632 1386 1659 meiliae
1406 1632 1471 1660 Ave

135 1671 196 1728 {fin
218 1702 304 1730 Anal.
325 1703 381 1738 ΙΙΙ,
403 1703 466 1732 192.

144 1904 176 1938 1.
204 1906 287 1947 Ave,
317 1907 402 1940 veris
428 1909 579 1949 primula,

207 1953 358 1987 Paradisi
383 1957 502 2001 rosula,

249 2002 355 2045 Agna,
383 2005 453 2037 Deo
478 2008 580 2050 grata,

201 2050 344 2084 Honoris
370 2053 558 2098 triclinium,

200 2098 322 2132 Lilium
350 2103 555 2143 convallium,

249 2148 275 2181 Ο
303 2149 533 2192 candidulata3

200 2196 311 2229 Omnis
336 2199 561 2240 neglegentiae

202 2244 298 2277 Meae
325 2249 357 2278 et
382 2247 542 2280 stultitiae

249 2293 431 2335 Detergens
457 2299 593 2336 peccata

200 2339 335 2375 Gratiae
361 2343 566 2388 charismata,

201 2388 364 2423 Virtutum
388 2396 535 2426 aromata

251 2438 379 2484 Confer,
408 2449 426 2473 0
452 2444 591 2475 sacrata.

183 1665 326 1700 patrona;
361 1665 410 1693 die
438 1667 548 1694 Lesart
579 1676 639 1695 von
669 1669 694 1696 A
724 1670 765 1697 ist
795 1670 913 1705 spii-tere
941 1670 1109 1698 Korrektur
1141 1670 1192 1698 des
1222 1671 1400 1698 Verfassers.
1433 1685 1472 1690 —

600 1819 647 1850 25.
679 1819 722 1851 De
743 1821 854 1851 sancta
875 1821 1011 1861 Agnete.

844 1911 875 1944 2.
903 1912 986 1952 Ave,
1016 1913 1119 1945 dulcis
1147 1913 1279 1945 cithara.

902 1960 1039 1993 Dulcior
1064 1970 1158 2002 quam
1183 1962 1334 2005 zachara,

950 2009 1055 2050 Agna,
1082 2020 1148 2042 nux
1175 2010 1316 2042 dulcoris

903 2058 997 2091 Oliva
1022 2057 1203 2100 fructifera,

901 2106 1034 2139 Nardus
1060 2105 1237 2147 odorifera,

950 2154 974 2187 O
1001 2155 1127 2194 lampas
1155 2154 1300 2197 decoris3

901 2202 1036 2234 Festina
1062 2202 1215 2241 velocius,

901 2250 1031 2291 Fugans
1059 2260 1078 2282 a
1102 2259 1154 2282 me
1179 2250 1266 2282 ocius

950 2299 1153 2338 Languorem
1179 2298 1347 2341 maeroris,

903 2346 994 2387 Veni,
1021 2346 1105 2388 veni,
1131 2355 1282 2388 propere⁷

901 2394 999 2427 Salva
1024 2403 1076 2426 me
1101 2404 1120 2427 a
1145 2396 1283 2435 Venere,

948 2443 973 2472 Ο
1000 2452 1126 2484 gemma
1150 2443 1294 2484 pudoriS.
