1651 2700
739 148 999 185 —131—

630 237 679 269 43.
721 238 762 271 De
782 242 890 275 sancto
914 243 1056 286 Georgio.

193 301 224 337 1.
251 303 333 346 Ave,
361 305 586 348 Cappadociae
890 315 920 349 3.
947 316 1028 359 Ave,
1055 317 1267 351 Athanasium

301 353 458 394 Princeps
483 355 630 389 trabeate
993 364 1134 409 Magum,
1164 375 1233 399 cum
1260 368 1372 401 bibisti

251 399 368 442 Georgi
397 403 533 444 egregie,
945 411 1064 444 Datum
1091 414 1189 457 virus,
1218 416 1345 449 devium

299 448 407 482 Verna
432 450 494 483 Dei
519 455 619 496 grate,
992 459 1086 492 Fidei
1115 462 1244 504 dedisti,

248 495 352 529 Felici
379 499 545 532 custodiae
943 506 1000 538 Me
1025 517 1138 549 vagum
1167 513 1199 542 et
1222 512 1345 544 ebrium

299 545 432 577 Scutum
457 548 535 579 mihi
564 548 606 580 da
630 551 672 590 te,
991 556 1108 588 Mundi
1134 566 1229 591 cursu
1253 560 1339 592 tristi

247 591 294 624 Ut
322 595 407 625 totus
433 595 466 626 in
492 596 618 637 gratiae
943 602 1003 635 Pia
1026 613 1122 643 prece
1148 606 1290 639 sobrium

295 639 362 671 Sim
389 640 557 676 felicitate.
990 650 1106 684 Redde
1131 654 1261 687 scholae
1288 654 1418 692 Christi.

184 715 216 747 2.
242 715 325 757 Ave,
353 727 426 749 nam
449 720 632 753 aethereum
880 727 913 760 4.
939 727 1019 771 Ave,
1047 731 1119 761 rota
1145 731 1274 764 ensibus

293 764 340 796 Te
367 766 457 798 ducis
484 766 614 808 profani
987 776 1119 816 Quando
1146 777 1335 825 fabricatur⁷

244 810 348 845 Levat
371 814 405 846 in
432 816 575 848 eculeum
939 823 1054 855 Totum
1080 828 1169 858 tuum
1195 828 1314 860 talibus

290 861 397 894 Furor
421 862 569 906 Daciam,
988 871 1112 912 Corpus
1137 876 1174 906 ut
1197 876 1370 919 scindatur1

241 907 319 949 Fac,
346 919 387 942 ne
411 920 462 942 me
488 920 655 945 erroneum
937 918 998 951 Dei
1025 923 1122 962 rupta
1147 923 1276 956 nutibus

287 957 382 989 Ritus
408 957 541 992 foedent
565 961 650 1003 vani,
985 967 1121 1000 Prorsus
1149 970 1342 1014 dissipatur3

238 1003 304 1036 Sed
330 1014 464 1046 regnum
489 1008 651 1041 sidereum
937 1014 1015 1046 Tuis
1041 1016 1089 1048 sic
1113 1019 1297 1057 precatibus

286 1053 395 1085 Mores
423 1055 500 1087 dent
524 1056 650 1092 urbani.
983 1062 1082 1095 Satan
1109 1068 1304 1100 conteratur.

568 1135 599 1166 5.
627 1134 708 1176 Ave,
736 1136 789 1176 qui
814 1138 978 1179 sartagine

672 1183 780 1223 Ignita
805 1186 969 1227 cremaris,

626 1230 701 1262 Tibi
727 1232 801 1264 Iesu
827 1234 955 1266 nomine

672 1278 786 1311 Caelos
813 1281 861 1312 sic
885 1284 1051 1325 mercaris,

624 1326 673 1358 Tu
699 1327 732 1359 in
760 1329 842 1360 caeli
867 1330 987 1375 limine,

673 1375 740 1408 Ubi
764 1377 971 1419 principaris,

623 1423 678 1455 Me
704 1426 758 1456 tuo
785 1426 971 1464 precamine

670 1471 791 1504 Christi
816 1473 913 1515 iunge
940 1476 1034 1509 caris.

231 1529 258 1557 A
281 1530 331 1558 fol.
356 1529 425 1561 1210.

595 1630 646 1661 44.
686 1631 730 1663 De
750 1633 860 1665 sancto
882 1633 1043 1675 Gregorio.

165 1694 195 1728 1.
223 1696 304 1739 Ave,
332 1706 457 1737 gemma
482 1702 678 1745 praesulum,
864 1707 896 1739 3.
923 1707 1004 1747 Ave,
1032 1710 1136 1741 sancti
1160 1710 1294 1751 spiritus

273 1743 410 1787 Gregori
437 1747 542 1791 beate,
968 1755 1130 1796 Organum
1155 1757 1340 1794 iucundum,

220 1791 401 1834 Exemplar
426 1798 457 1827 et
483 1798 650 1837 speculum
919 1802 1025 1836 Verbo
1053 1805 1113 1837 tibi
1140 1807 1273 1840 caelitus

268 1841 367 1874 Vitae
389 1843 545 1887 illibatae,
965 1851 1050 1885 Dato
1078 1853 1162 1886 ditas
1188 1856 1352 1899 mundum,

219 1889 336 1922 Cordis
362 1892 425 1923 mei
452 1894 614 1926 vasculum
917 1899 1008 1941 Rogo
1034 1903 1067 1933 te
1092 1903 1289 1947 medullitus,

266 1938 372 1979 Reple
398 1941 559 1986 castitate,
967 1949 1012 1982 Ut
1038 1959 1089 1982 me
1113 1950 1323 1986 infecundum

216 1985 292 2019 Non
318 1996 379 2028 per
404 1991 512 2022 carnis
539 1991 701 2025 vinculum
914 1996 984 2029 Deo
1009 1998 1129 2031 reddas
1155 2001 1283 2040 penitus

264 2034 361 2077 Liger
387 2038 564 2079 voluptate.
965 2047 993 2077 A
1018 2048 1163 2087 peccatis
1189 2051 1353 2084 mundum.

152 2113 184 2147 2.
212 2113 299 2157 Ave,
328 2115 410 2147 caeli
436 2115 555 2159 fistula,
852 2124 884 2156 4.
911 2123 993 2165 Ave,
1020 2133 1143 2158 summe
1167 2126 1325 2170 pontifex,

260 2162 284 2195 O
313 2163 427 2196 doctor
452 2165 643 2211 Anglorum,
961 2172 1023 2212 Qui
1047 2173 1110 2206 Dei
1135 2183 1301 2207 servorum

212 2209 366 2244 Caritatis
392 2211 511 2257 facula,
912 2220 1030 2253 Servus
1057 2230 1090 2253 es
1117 2225 1150 2253 et
1175 2221 1284 2263 opifex

258 2259 387 2292 Decens
412 2270 526 2294 norma
552 2271 688 2309 morum,
958 2268 1098 2308 Operum
1124 2270 1261 2314 piorum,

209 2306 260 2339 Ne
284 2317 336 2341 me
360 2312 455 2342 necet
479 2311 606 2344 macula
908 2315 983 2348 Non
1007 2325 1060 2349 me
1083 2318 1310 2352 mille-artifex

257 2356 433 2390 Criminum
460 2368 615 2402 meorum,
957 2364 1112 2409 Fraudet‚
1142 2367 1208 2400 dux
1235 2368 1402 2413 malorum,

209 2404 310 2438 Placa
334 2415 394 2446 per
419 2408 551 2440 oracula
908 2411 973 2445 Sed
999 2413 1060 2445 sim
1087 2423 1182 2447 verus
1208 2416 1351 2450 sacrifex

256 2451 440 2495 Principem
466 2457 625 2498 polorum.
955 2462 993 2494 In
1021 2465 1114 2495 coetu
1137 2464 1305 2499 iustorum.

1254 2520 1293 2550 9*
