1651 2700
751 150 1014 185 —246—

242 250 273 281 5.
301 247 406 288 Supra
429 250 587 279 mortuum
613 250 647 278 tu
672 248 766 287 plora

298 296 426 338 Parum,
452 304 515 327 non
540 298 576 326 tu
600 298 687 327 certe
711 295 816 337 nimis,

302 342 375 375 Non
399 342 536 383 quiescit.
557 343 668 375 vivens
693 343 783 386 hora,

297 391 365 423 Iam
389 390 510 422 laboris
535 391 623 422 venit
646 390 729 434 finis,

296 438 358 470 Est
381 438 414 470 111
438 447 520 478 pace
546 438 612 470 eius
637 448 738 480 mora,

300 485 472 526 Postquam
499 485 602 518 factus
619 487 736 529 pulvis,
760 487 851 520 cinis.

241 572 272 604 6.
302 572 384 603 Nam
411 572 478 604 dies
503 573 615 604 mortis
639 573 753 605 melior

299 620 398 659 Quam
424 620 562 652 nationis
587 620 739 660 creditur,

297 667 382 699 Dum
407 667 497 708 vivit,
521 668 633 708 poenis
658 669 788 708 gravior

294 714 400 755 Magis
424 723 560 755 peccare
586 716 736 758 cernitur,

295 762 433 794 Paratur
456 762 544 794 locus
570 762 720 804 sanctior,

297 809 374 842 Cum
399 811 492 842 homo
516 811 635 842 mundo
657 811 801 844 moritur.

299 882 328 917 4,
351 882 365 911 1
389 884 462 918 Quis
484 885 586 912 oritur.
607 900 642 904 —
665 884 691 919 7,
714 884 732 913 2
751 886 809 913 Vel
829 886 962 922 pulcher.

376 995 424 1026 94.
462 996 598 1034 Hymnus
620 996 703 1027 alius
726 996 763 1027 ‹le
785 996 963 1037 cognitione

924 1079 956 1111 3.

241 1075 272 1107 1.
298 1075 391 1107 Mens
415 1075 615 1116 hominisque
638 1077 755 1117 anima,

299 1122 381 1154 Nam
407 1131 466 1162 per
490 1123 600 1155 horam
626 1133 689 1155 non
707 1125 851 1165 quiescit,

296 1169 461 1201 Turbatur
485 1179 562 1210 erga
585 1171 732 1212 plurima,

298 1218 383 1249 Ante
406 1223 532 1257 tempus
556 1218 610 1249 hic
634 1220 783 1261 canescit,

297 1264 379 1296 Nam
404 1265 625 1306 masculusque
648 1265 766 1298 semina

299 1312 368 1345 Cito
392 1312 515 1344 iuvenis
540 1314 687 1348 senescit.

240 1398 272 1428 2.
298 1397 336 1429 In
359 1397 431 1436 ipso
455 1407 528 1430 raro
553 1400 714 1440 gaudium,

297 1444 416 1476 Vivens
441 1454 505 1477 non
530 1450 579 1477 est
602 1447 635 1478 in
662 1448 777 1490 quiete,

294 1490 500 1533 Affflctioque
524 1494 681 1536 redditur,

297 1539 361 1570 Hic
385 1541 533 1572 turbatur
558 1545 645 1573 certe
670 1551 778 1584 saepe,

294 1587 358 1618 Hic
381 1588 517 1620 mundus
542 1593 591 1621 est
613 1590 812 1633 martyrium,

295 1635 519 1667 Inconstanter
543 1640 591 1668 est
615 1637 648 1668 in
672 1638 759 1671 sede.

297 1708 324 1743 4,
345 1708 363 1736 2
384 1719 537 1739 vanamus.

670 1796 717 1827 95.
758 1796 896 1836 Hymnus
918 1797 955 1830 de

920 1881 951 1912 3.

236 1873 267 1904 1.
296 1873 378 1911 Quid
403 1875 552 1914 peccasti,
578 1876 699 1915 primus
725 1877 828 1917 homo,

292 1920 341 1952 Tu
365 1923 590 1961 praevaricans
614 1924 825 1957 mandatum?

294 1968 466 2001 Comedisti
491 1972 526 2001 tu
553 1971 593 2003 de
617 1981 720 2015 pomo,

293 2016 359 2054 Quo
384 2015 491 2048 fecisti
514 2020 547 2049 te
572 2019 764 2064 damnatum,

289 2063 375 2096 Eras
400 2068 434 2097 tu
458 2065 493 2097 in
516 2066 578 2099 Dei
604 2067 697 2099 domo

291 2112 411 2144 Videns
436 2116 468 2144 te
492 2113 712 2154 glorificatum.

232 2208 264 2230 L..
292 2198 443 2231 Habebas
467 2200 530 2232 Dei
555 2200 669 2234 faciem

290 2247 330 2279 In
354 2248 513 2288 terrisque
539 2249 720 2294 dominium,

290 2293 432 2327 Gerebas
456 2295 518 2328 Dei
544 2298 682 2338 speciem

291 2342 500 2384 Tenebasque
524 2345 702 2390 arbitrium,

290 2390 396 2423 Ruisti
419 2392 453 2423 in
477 2394 663 2437 perniciem,

288 2438 325 2470 Iu
353 2449 467 2471 vanum
491 2441 693 2476 desiderium.

927 248 958 280 7.
986 247 1070 287 Quid
1094 247 1207 287 laetor,
1234 246 1261 278 si
1286 255 1355 277 sum
1380 244 1511 287 nobilis,

986 295 1061 328 Sive
1084 295 1230 337 pulcher,
1256 302 1400 335 magnus,
1429 291 1532 325 ditis?

984 344 1067 384 Quid
1094 343 1216 384 gaudeo
1243 342 1365 375 divitiis

985 392 1045 424 Vel
1070 400 1139 423 sum
1163 390 1268 422 victor
1293 389 1398 422 factus
1423 387 1515 420 litis‘?

985 439 1068 479 Quid
1093 438 1228 471 fraudor
1251 438 1285 470 in
1312 437 1447 475 deliciis,

983 487 1035 519 Ex
1061 496 1122 527 quo
1147 486 1255 518 brevis
1280 495 1369 517 meus
1396 483 1495 518 finis?

984 573 1143 605 Laetabor
1165 573 1198 605 in
1225 572 1416 604 caelestibus

982 622 1188 661 Terrenaque
1215 620 1400 663 despiciam,

981 669 1143 701 Accedam
1168 677 1188 700 a
1211 667 1419 700 terrestribus

981 717 1209 756 Mundanaque
1231 716 1377 755 reiciam3

980 764 1063 803 Quid
1090 773 1129 795 ex
1153 764 1323 796 mundanis
1348 763 1490 795 vestibus

980 811 1047 843 Nos
1073 812 1210 852 gerimus
1235 809 1417 843 laetitiam?

983 999 1015 1028 et
1035 997 1214 1029 condicione
1235 999 1381 1029 humana.

982 1078 1125 1110 Terrena
1149 1087 1243 1118 quam
1268 1079 1449 1118 terrestria,

982 1126 1081 1165 Quam
1108 1126 1209 1168 dolus,
1236 1127 1422 1166 occupatio!

984 1172 1139 1205 Caelestis
1165 1182 1259 1213 quam
1283 1174 1418 1216 laetitia,

983 1221 1082 1260 Quam
1108 1226 1230 1261 cantuS,
1256 1221 1421 1254 iubilatio!

984 1268 1130 1308 Superna
1153 1277 1247 1308 quam
1275 1270 1400 1310 delicia,

982 1315 1080 1354 Quam
1108 1316 1211 1347 dulcis
1238 1317 1424 1349 delectatio!

983 1402 1066 1441 Quid
1092 1402 1124 1433 in
1147 1402 1292 1434 sensibus
1318 1412 1473 1443 erramus,

979 1450 1061 1489 Quid
1091 1459 1242 1491 vagamus
1267 1460 1325 1482 nos
1349 1452 1383 1482 in
1408 1451 1539 1483 mente?

979 1497 1047 1528 Nos
1071 1498 1106 1529 in
1129 1498 1201 1529 luce
1225 1507 1417 1531 maneamus.

981 1544 1031 1576 Ne
1055 1555 1183 1577 ruamus
1208 1555 1266 1578 nos
1291 1551 1436 1586 repente,

978 1592 1040 1624 Dei
1067 1594 1187 1624 caelum
1214 1595 1437 1634 perquiramus

981 1640 1101 1673 Nostra
1125 1642 1231 1673 anima
1255 1642 1407 1677 laetante.

978 1799 1093 1831 eodem.

979 1880 1098 1913 Nostra
1123 1885 1240 1914 natura
1263 1882 1389 1924 fragilis

978 1929 1048 1962 Cito
1075 1930 1218 1962 consumi
1242 1937 1407 1973 properat,

977 1976 1040 2008 Est
1063 1978 1104 2009 ad
1127 1982 1264 2018 peccata
1287 1979 1405 2023 labilis,

978 2024 1064 2064 Quae
1088 2025 1122 2057 in
1149 2026 1301 2059 delictum
1326 2032 1468 2071 generat,

977 2073 1055 2113 Ipsa
1080 2077 1233 2114 gravatur
1256 2076 1430 2117 scandalis,

978 2120 1020 2152 Se
1045 2122 1087 2153 ad
1113 2131 1277 2154 recessum
1303 2128 1491 2165 praeparat.

977 2208 1123 2240 Amisisti
1149 2213 1183 2240 tu
1209 2210 1372 2250 honorem,

975 2255 1055 2294 Quia
1080 2265 1143 2287 non
1166 2257 1368 2300 intellexisti,

976 2303 1155 2335 Perdidisti
1180 2308 1216 2335 tu
1241 2305 1394 2344 valorem,

978 2349 1104 2382 Statum
1129 2351 1247 2383 bonum
1272 2353 1443 2398 reliquisti,

977 2397 1136 2430 Dimisisti
1162 2403 1197 2430 tu
1222 2400 1374 2433 honorem

977 2445 1039 2477 Dei
1063 2447 1166 2478 nostri
1190 2447 1265 2481 Iesu
1290 2449 1422 2485 Christi.
