1651 2700
675 147 943 182 *1117ss

589 237 629 269 21.
661 238 704 270 De
726 238 872 272 Omnibus
893 241 1028 275 Sanctis.

159 322 189 355 1.
216 323 297 365 Ave,
324 333 447 357 summa
472 325 612 368 trinitas,

214 371 324 404 Omnis
350 381 410 413 per
433 376 466 405 te
491 374 645 408 sanctitas

260 419 344 452 Mihi
370 421 545 462 largiatur3

213 467 313 509 Virgo
338 478 399 502 ave
423 470 592 510 virginum,

211 516 242 547 A
267 524 318 548 me
343 525 403 557 per
428 520 461 549 te
487 518 652 551 criminum

262 564 368 604 Culpa
392 565 549 600 deleatur.

213 611 324 644 Virtus
350 613 440 657 mihi,
468 614 620 654 Michael,

213 659 347 692 Gabriel
373 664 406 693 et
429 661 587 706 Raphael,

260 709 323 741 Per
349 718 405 741 vos
432 710 600 752 dirigatur,

211 756 276 788 Per
301 766 357 789 vos
384 760 515 790 cunctos
543 759 676 799 spiritus

210 803 311 836 Divos
336 806 414 837 mihi
441 806 574 839 caelitus

259 851 352 884 Salus
375 856 539 894 augeatur.

150 948 182 980 2.
208 949 290 989 Ave,
315 951 494 989 apostolica

211 996 332 1029 Cohors
359 1001 391 1029 et
415 999 607 1039 prophetica

257 1045 303 1077 Et
328 1046 597 1091 patriarcharum,

207 1092 299 1124 Assit
323 1102 448 1133 quoque
473 1094 617 1127 modicus

210 1140 333 1173 Chorus
360 1143 391 1172 et
417 1141 577 1173 theoricus

253 1187 535 1228 Evangelistarum
547 1200 554 1229 ;

202 1236 315 1267 Assint
342 1238 375 1267 et
400 1236 561 1278 discipuli,

203 1282 448 1323 Contemptores
475 1285 595 1317 saeculi

248 1331 291 1363 Et
317 1340 423 1364 rerum
449 1336 635 1366 cunctarum
646 1345 653 1375 ;

203 1379 321 1411 Omnes
346 1389 406 1420 pro
433 1389 482 1412 me
508 1379 635 1414 fundite

199 1427 316 1459 Preces
343 1431 372 1459 et
400 1437 450 1460 me
477 1429 594 1470 cingite

909 332 972 364 Per
997 336 1105 367 vestra
1129 338 1286 378 martyria

909 380 1017 413 Mater
1042 385 1091 415 est
1113 385 1250 418 ecclesia

960 430 1098 463 Pulchre
1122 437 1312 475 purpurata,

909 476 973 509 Pro
1000 481 1109 512 vestra
1134 481 1269 515 victoria

909 524 1011 557 Nobis
1039 526 1155 560 dentur
1179 530 1297 570 gaudia

955 573 993 605 In
1019 575 1116 608 caelis
1141 580 1262 616 optata.

873 692 880 700 .
907 668 988 711 Ave,
1016 679 1034 702 o
1060 671 1244 711 pontificum

907 715 1028 750 Cohors
1055 722 1087 750 et
1112 720 1281 753 mirificum

952 768 1077 806 Agmen
1103 769 1342 812 monachorum,

904 813 1018 845 Assint
1046 816 1237 850 eremicolae

904 860 950 892 Et
974 870 1083 895 omnes
1111 864 1263 907 deicolae,

952 909 1049 950 Legis
1072 911 1300 956 confessorum,

902 957 1089 990 Adcurrant
1114 963 1146 991 et
1169 961 1320 1002 virginee,

904 1004 1079 1038 Viduarum
1103 1008 1233 1040 ordines

949 1052 994 1084 Et
1019 1054 1278 1099 coniugatorum,

901 1099 1016 1131 Omnes
1042 1110 1092 1133 me
1117 1104 1285 1143 attendite,

900 1146 965 1178 Pro
992 1156 1042 1179 me
1067 1158 1181 1190 preces
1206 1151 1293 1183 edite

947 1194 1090 1236 Principi
1117 1198 1289 1232 caelorum.

861 1313 867 1320 .
896 1290 974 1335 Ave,
1001 1292 1096 1325 turba
1121 1296 1261 1327 omnium

898 1338 1021 1372 Civium
1048 1342 1246 1384 caelestium,

943 1387 1030 1427 Quae
1054 1394 1170 1430 regnat
1196 1400 1266 1423 cum
1292 1392 1373 1434 Deo,

897 1434 1035 1476 Propter
1060 1446 1130 1470 mea
1156 1439 1236 1472 vitia

248 1475 350 1508 Donis
376 1477 563 1517 gratiarum.
894 1482 948 1516 Ad
974 1487 1085 1517 vestra
1109 1485 1260 1528 suffragia

942 1531 1087 1573 Supplex
1114 1543 1171 1575 ego
1198 1534 1280 1579 fle0;

891 1579 957 1611 Pro
982 1589 1033 1613 me
1058 1581 1251 1616 intercedite

896 1626 1127 1671 Placatumque
1152 1632 1282 1665 reddite

939 1675 1043 1709 Deum
1069 1679 1148 1711 mihi
1174 1689 1239 1724 reo,

890 1722 956 1755 Sim
982 1725 1016 1756 in
1044 1727 1125 1759 caeli
1151 1728 1232 1761 solio

889 1771 1059 1805 Vobiscum
1089 1783 1160 1807 cum
1184 1777 1302 1817 gaudio

935 1820 981 1853 Et
1006 1831 1076 1854 cum
1104 1824 1178 1856 Iesu
1201 1834 1282 1859 meo.

138 1573 171 1604 3.
199 1574 280 1612 Ave,
306 1573 523 1606 innocentium

196 1620 307 1653 Turba
332 1621 536 1654 morientium

245 1669 308 1701 Pro
332 1669 462 1703 Christo
488 1670 592 1712 beata,

195 1716 315 1760 Turba,
344 1726 412 1760 ave,
440 1718 534 1751 niveo

192 1765 342 1798 Candore
367 1769 398 1797 et
424 1766 523 1799 rubeo

240 1813 423 1855 Martyrum
449 1818 564 1847 ornata
573 1825 580 1857 3

194 1909 220 1937 A
240 1909 291 1937 fol.
315 1908 366 1938 lb.
387 1926 426 1930 —
448 1911 506 1939 Cfr.
526 1912 613 1939 Anal.
634 1912 689 1947 ΙΙΙ,
713 1911 767 1941 175
788 1923 831 1951 sq.

576 2027 625 2058 22.
652 2027 696 2060 De
716 2030 824 2062 sancto
846 2030 988 2064 Achatio.

131 2115 161 2148 1.
189 2116 270 2158 Ave,
298 2116 390 2149 miles
418 2117 539 2150 Christi
564 2117 670 2161 fortis,

236 2164 355 2197 Achati
381 2164 565 2210 fortissime,

187 2213 283 2254 Pugil
309 2214 514 2247 venerandae
539 2216 637 2248 sortis

235 2261 417 2303 Stirpisque
443 2263 651 2305 clarissimae,

184 2309 305 2342 Decem
330 2310 453 2343 milium
480 2311 621 2344 cohortis

236 2358 261 2391 Ο
290 2359 354 2391 dux
379 2359 602 2403 invictissime,

185 2405 248 2446 Qui
270 2406 418 2440 vicerunt
443 2410 550 2441 tecum
574 2410 688 2444 mortis

232 2454 375 2487 Poenam
402 2456 642 2493 iucundissime.

825 2125 856 2156 2.
879 2124 965 2165 Ave,
991 2134 1009 2157 o
1035 2126 1137 2158 virtus
1163 2127 1286 2160 invicta

931 2172 977 2205 Et
1000 2182 1075 2213 spes
1102 2183 1172 2206 mea
1197 2174 1319 2219 vivida,

885 2220 964 2252 Tuis
987 2221 1138 2262 precibus
1164 2222 1284 2255 delicta

931 2268 1008 2300 Mea
1035 2269 1106 2302 dele
1129 2270 1241 2311 livida,

883 2315 961 2348 Mea
985 2325 1074 2349 mens
1095 2318 1165 2351 Deo
1190 2327 1253 2351 non
1279 2318 1357 2353 ficta

931 2364 1034 2397 Recta
1058 2365 1101 2398 sit
1126 2368 1159 2398 et
1181 2366 1302 2407 pavida

883 2412 929 2444 Et
953 2412 1055 2446 libido
1082 2423 1102 2446 a
1126 2423 1177 2447 me
1202 2416 1290 2450 victa

931 2461 1000 2494 Iam
1028 2462 1184 2496 abscedat
1208 2464 1326 2500 lurida.
