1651 2700
678 112 939 148 -253—

356 214 420 246 105.
460 214 608 254 Hymnus,
630 214 708 254 quod
732 215 867 256 quilibet
887 224 920 247 se
940 216 1074 248 reducat
1095 216 1134 247 ad
1153 217 1258 248 Deum.

157 318 187 348 1.
215 315 285 347 Deo
311 315 410 347 simus
438 324 496 347 nos
524 314 663 346 confessi

215 363 266 396 De
291 364 434 404 peccatis
462 363 561 395 corde
584 361 710 403 flentes,

215 412 285 444 Deo
312 412 412 444 simus
437 420 496 443 nos
522 409 663 450 professi

212 459 283 492 Deo
307 463 419 492 nostro
446 459 643 497 dedicantes,

215 507 286 540 Deo
313 508 411 539 simus
435 516 494 540 nos
521 508 667 539 conversi

216 556 284 588 Nos
310 558 446 596 peccata
473 555 682 588 dimittentes.

216 662 427 695 Dimittamus
454 671 512 693 nos
537 661 701 693 mundana

217 711 416 750 Quaerentes
442 719 500 742 nos
527 709 689 752 caelestia,

215 759 449 799 Relinquamus
477 761 593 790 cuncta
619 767 703 790 vana

215 807 414 847 Spernentes
441 806 643 849 temporalia,

216 851 508 898 Quaeramusmue]
533 855 607 886 loca
631 864 710 886 sana

216 904 415 944 Quaerentes
441 912 499 935 nos
527 903 690 936 caelestia.

181 1036 189 1044 .
217 1010 302 1042 Nam
326 1009 451 1041 invenit
475 1008 539 1048 hic,
567 1008 622 1048 qui
646 1008 782 1048 quaerit,

216 1057 388 1098 Aperitur,
411 1057 438 1088 si
464 1057 535 1097 quis
561 1056 679 1096 pulsat,

217 1106 323 1138 Homo
350 1105 481 1144 accipit,
509 1105 536 1136 si
561 1104 655 1144 petit,

217 1154 263 1186 Et
288 1153 445 1191 ascendit,
474 1152 530 1192 qui
554 1154 725 1191 procurat3

213 1201 320 1234 Miser
346 1203 404 1242 est,
432 1200 486 1240 qui
511 1200 604 1240 pigre
630 1199 723 1240 gerit,

215 1249 316 1281 Dives
343 1252 400 1285 est,
429 1248 484 1288 qui
511 1248 575 1279 iam
599 1247 736 1281 laborat.

180 1381 187 1388 .
213 1356 254 1388 In
281 1355 368 1387 vitiis
391 1362 617 1395 perseverans,

212 1405 251 1437 In
280 1403 407 1435 delictis
433 1411 468 1434 se
497 1402 667 1434 revolvens

211 1452 273 1484 Est
300 1451 368 1483 eius
394 1451 462 1483 vita
489 1450 658 1483 dissonans

212 1500 258 1533 Et
283 1500 347 1532 erit
372 1499 463 1539 quasi
489 1498 640 1537 moriens,

211 1548 274 1581 Est
297 1548 369 1588 ipse
394 1547 498 1579 Deum
526 1555 718 1589 provocans,

212 1596 259 1629 Ut
285 1596 402 1637 puniat
427 1595 642 1635 omnipotens

853 318 884 349 5.

858 1008 888 1040 7.

912 315 947 348 Si
972 320 1079 349 cessat
1103 317 1174 356 quis
1200 326 1220 349 a
1244 316 1331 349 vitiis

910 364 954 396 Et
980 364 1105 396 recedit
1129 374 1149 396 a
1174 365 1328 405 peccatis,

909 412 974 444 Hic
999 415 1049 444 est
1073 412 1106 444 in
1131 412 1192 444 Dei
1220 412 1332 453 gratiis

911 459 955 491 Et
983 460 1119 492 dilectus
1145 460 1207 492 Dei
1231 460 1320 502 satis,

910 507 1102 539 Laetabitur
1126 510 1160 539 in
1186 508 1312 548 gaudiis

912 555 952 587 In
977 555 1097 587 virtute
1122 555 1184 587 Dei
1210 556 1324 595 patris.

914 661 973 693 Dei
999 660 1221 693 misericordia

910 709 995 741 Satis
1021 709 1123 741 maior
1148 717 1240 749 quam
1268 711 1393 751 natura,

913 757 1034 789 Nostra
1059 757 1220 789 laetentur
1246 757 1368 795 cordia,

914 805 1033 837 Anima
1058 805 1101 837 sit
1124 805 1293 848 laetatura,

914 853 1067 886 Vivamus
1092 853 1127 885 in
1153 853 1327 885 concordia

913 901 1115 934 Recedentes
1141 910 1161 933 a
1186 909 1347 941 pressura.

915 1007 1119 1039 Reducamus
1145 1015 1202 1038 nos
1229 1006 1271 1038 ad
1296 1006 1359 1038 iter

915 1054 960 1087 Et
984 1055 1026 1086 ad
1050 1055 1136 1086 viam
1161 1054 1221 1087 Dei
1248 1054 1362 1096 patris,

915 1102 1003 1134 Deus
1028 1102 1185 1135 Dominus
1211 1102 1364 1142 magister

913 1150 976 1182 Est
1001 1150 1156 1189 benignus
1183 1150 1306 1181 cunctis
1334 1150 1421 1187 satis,

915 1200 1016 1230 Actus
1042 1200 1153 1229 noster
1178 1206 1242 1229 non
1267 1197 1309 1228 sit
1335 1197 1435 1238 niger,

915 1245 965 1277 Sit
989 1246 1022 1277 iu
1045 1246 1099 1277 via
1124 1245 1293 1278 claritatis.

912 1352 951 1385 1n
978 1360 1034 1384 ore
1061 1352 1105 1383 sit
1129 1350 1300 1394 confessio,

913 1400 964 1432 Sit
988 1402 1062 1431 actu
1086 1400 1296 1440 paenitentia,

910 1450 948 1481 In
976 1448 1074 1480 corde
1099 1448 1142 1479 sit
1166 1447 1316 1479 contritio

911 1497 1154 1536 Quaeraturque
1181 1496 1361 1537 clementia,

909 1544 958 1576 Re
981 1543 1039 1576 fiat
1063 1543 1254 1585 satisfactio,

911 1593 1002 1624 Haec
1027 1602 1151 1624 summa
1177 1595 1226 1624 est
1250 1591 1436 1632 prudentia.

533 1735 600 1767 106.
641 1735 779 1775 Hymnus
802 1733 885 1766 alius
907 1733 945 1765 de
966 1733 1082 1765 eodem.

175 1865 182 1872 .
209 1839 278 1871 Nos
305 1838 484 1871 serviamus
511 1837 654 1877 principi

210 1888 254 1920 Et
280 1887 341 1919 tibi
367 1886 603 1928 potentissimo,

210 1938 279 1970 Iam
306 1945 370 1968 non
396 1936 541 1969 valemus
569 1934 687 1976 decipi,

211 1985 277 2018 Sed
304 1985 423 2016 erimus
449 1984 483 2016 in
509 1983 639 2025 gaudio,

212 2034 275 2073 Qui
302 2033 392 2075 cupit
416 2032 500 2065 bene
526 2032 638 2072 recipi,

211 2082 274 2114 Hic
298 2082 429 2122 placeat
453 2081 623 2113 altissimo.

176 2216 183 2223 .
211 2190 261 2223 Te
284 2189 421 2222 laudent
446 2188 528 2220 caeli
555 2188 695 2228 desuper

208 2238 255 2272 Et
281 2238 342 2270 tibi
369 2237 476 2269 cuncti
501 2238 649 2277 pareant,

210 2288 258 2321 Te
282 2287 419 2319 laudent
443 2289 553 2318 terrae
580 2285 745 2326 desupter,

210 2336 329 2369 Omnes
355 2336 502 2367 viventes
528 2334 674 2374 timeant,

210 2384 258 2417 Te
285 2386 397 2425 gentes
422 2386 533 2415 ament
558 2382 693 2423 pariter,

209 2432 258 2465 Te
284 2436 352 2464 toto
380 2432 479 2464 corde
505 2431 652 2472 diligant.

852 1837 886 1869 3.

912 1835 980 1867 Nos
998 1835 1083 1876 pigri
1097 1834 1175 1875 quid
1190 1831 1270 1879 [hic]
1290 1834 1476 1874 dormimus,

912 1884 995 1923 Quid
1021 1893 1083 1915 non
1111 1891 1239 1923 semper
1266 1881 1459 1924 vigilamus?

911 1932 980 1964 Nos
1005 1931 1140 1964 infestat
1165 1934 1275 1963 terrae
1298 1931 1404 1973 limus,

911 1981 958 2014 Ut
983 1981 1025 2013 ad
1054 1989 1125 2012 eum
1150 1980 1333 2019 redeamus,

913 2029 991 2062 Cum
1018 2029 1058 2061 de
1083 2032 1174 2061 terra
1198 2026 1278 2060 facti
1303 2037 1414 2071 simus,

911 2079 979 2111 Nos
1005 2078 1047 2110 ad
1072 2080 1209 2110 mortem
1235 2085 1460 2117 properamus.

911 2185 996 2218 Nam
1021 2185 1113 2226 hora,
1139 2193 1202 2224 qua
1219 2192 1283 2215 non
1303 2183 1477 2223 credimus,

911 2235 980 2267 lam
1007 2233 1120 2265 mortis
1147 2241 1261 2264 cursor
1286 2232 1407 2274 veniet,

909 2282 978 2315 Nos
1006 2281 1129 2313 cunctis
1155 2279 1221 2312 fide
1248 2280 1396 2322 dicimus,

911 2330 958 2364 Ut
983 2330 1118 2371 quilibet
1143 2338 1179 2361 se
1203 2331 1387 2371 praeparet,

911 2378 986 2411 Non
1010 2387 1185 2420 manemus,
1213 2377 1271 2410 sed
1287 2387 1346 2409 nos
1361 2377 1454 2419 imuS,

911 2428 966 2460 Ad
990 2427 1093 2460 Deum
1121 2427 1215 2459 homo
1243 2426 1365 2467 vigilet.
