1651 2700
668 130 929 166 —239—

538 227 569 260 7.
597 227 632 259 Si
657 227 728 267 quis
755 227 853 260 ditari
878 227 1022 270 festinat,

593 274 667 307 Non
691 278 801 308 manet
824 277 896 317 ipse
917 276 1082 320 innocens,

594 323 665 355 Nec
689 323 775 355 enim
801 325 900 357 corde
926 325 1055 366 cogitat,

594 371 687 410 Quod
713 371 777 403 erit
801 372 873 412 ipse
898 372 1067 416 indigens,

596 419 657 460 Qui
682 428 780 460 saepe
804 420 901 463 iurat,
930 421 1063 463 deierat,

597 467 662 499 Hic
688 469 738 499 est
762 468 806 500 ad
830 468 959 509 plagam
983 470 1126 503 veniens.

214 539 242 576 2,
265 541 279 569 1
303 543 399 571 elatus
424 545 454 571 et
474 544 629 579 superbus.
649 559 688 563 —
708 542 735 577 7,
756 542 774 572 5
798 543 928 580 degerat.

532 665 582 696 84.
622 665 761 704 Hymnus
783 664 867 697 alius
889 666 930 697 ad
950 666 1067 698 eadem.

868 748 899 782 6.
928 747 1011 787 Quid
1036 747 1125 780 redis
1150 749 1186 779 tu
1211 747 1253 779 ad
1280 747 1433 780 vomitum

925 796 995 828 Iam
1020 795 1177 828 reiterans
1203 794 1396 835 peccatum?

925 843 1094 884 Respicias
1119 846 1153 875 tu
1180 844 1300 876 exitum

925 892 971 924 Et
995 892 1131 924 reducas
1157 894 1190 923 te
1214 894 1397 932 purgatum,

924 940 1095 979 Recupera
1120 943 1153 971 te
1177 939 1342 979 perditum

923 987 970 1019 Et
993 990 1026 1019 te
1050 987 1171 1019 reddas
1196 987 1266 1019 Deo
1292 989 1430 1027 gratum.

143 746 176 779 1.
205 746 304 788 Cave,
331 755 395 778 non
420 745 465 777 sis
491 749 527 777 tu
552 746 694 786 gulosus,

204 794 235 827 A
261 794 336 834 gula
362 796 395 826 te
420 793 596 836 abstineas,

203 842 310 875 Homo
336 842 390 873 hic
414 842 624 882 pernitiosus‚

204 890 256 923 Sis
282 890 460 933 abstinens,
487 891 663 930 contineas,

203 938 288 972 Gula
313 938 404 970 venit
428 938 499 978 quis
522 938 652 970 dolosus

202 986 324 1019 Domos
349 986 492 1026 perdens
518 995 557 1018 ac
581 986 704 1020 vineas,

145 1086 177 1116 2.
202 1083 279 1116 Non
305 1085 478 1116 veneretur
504 1083 622 1124 ebrius,
867 1084 897 1116 7.
925 1083 960 1115 Si
985 1083 1028 1115 ad
1052 1082 1157 1114 Deum
1182 1085 1271 1114 tuum
1297 1082 1384 1114 redis

203 1131 239 1165 Si
264 1130 390 1163 faceret
414 1131 582 1171 miracula,
926 1131 972 1163 Et
995 1133 1029 1162 te
1054 1130 1183 1162 reducis
1210 1130 1349 1169 devium,

200 1179 247 1211 Et
270 1188 332 1211 nec
356 1179 536 1211 honoretur
561 1178 628 1209 eius
925 1179 1040 1211 Certus
1063 1186 1107 1220 eS,
1126 1178 1212 1218 quod
1229 1181 1265 1209 tu
1281 1186 1344 1209 non
1361 1178 1461 1218 peris,

202 1227 242 1260 In
268 1226 375 1267 aliquo
402 1226 568 1265 memoria,
923 1226 998 1258 Non
1034 1226 1157 1258 claudit
1181 1225 1270 1258 Deus
1295 1226 1461 1266 gremium,

202 1275 285 1307 Nam
313 1274 398 1316 gerit
421 1274 493 1314 ipse
515 1274 622 1316 vilius,
925 1274 1062 1307 Sanctus
1082 1282 1126 1314 es,
1153 1274 1182 1305 si
1200 1273 1304 1306 Deum
1321 1274 1462 1314 quaeriS,

205 1323 265 1363 Qui
291 1323 434 1355 laeditur
458 1331 519 1363 per
543 1322 670 1363 pocula.
925 1322 994 1355 Dat
1018 1322 1078 1354 tibi
1105 1322 1222 1354 bonum
1248 1322 1437 1362 praemium.

141 1422 173 1454 3.
198 1422 346 1454 Honeste
372 1429 450 1453 cura
474 1420 595 1461 vivere,
865 1421 897 1455 8.
923 1419 1009 1452 Nam
1034 1419 1089 1459 qui
1114 1418 1271 1451 adhaeret
1294 1417 1381 1451 vitiis

202 1468 387 1501 Virtutibus
412 1469 603 1510 adhaereas,
922 1467 1091 1500 Recedens
1117 1477 1137 1499 a
1161 1466 1345 1509 virtutibus,

202 1517 252 1549 Tu
276 1517 364 1549 mala
388 1517 470 1549 velis
496 1525 651 1558 spernere
922 1515 1071 1549 Plorabit
1096 1524 1136 1547 ex
1162 1515 1287 1547 deliciis

201 1565 371 1606 Deumque
395 1574 479 1607 ama,
506 1565 631 1605 timeas,
923 1564 1020 1597 Stans
1044 1563 1079 1595 in
1104 1563 1251 1596 obscuris
1276 1561 1426 1605 nubibus,

201 1613 251 1646 Tu
277 1612 413 1647 fratrem
438 1613 506 1645 noli
531 1613 662 1645 laedere
925 1612 1123 1645 Gravabitur
1148 1611 1289 1644 tristitiis

199 1662 379 1702 Ipsumque
404 1662 502 1694 corde
529 1661 657 1702 diligas.
920 1659 962 1692 In
987 1660 1096 1692 multis
1121 1659 1234 1701 poenis
1261 1658 1423 1701 gravibus,

140 1762 174 1793 4.
201 1758 380 1792 Luxuriam
407 1765 441 1791 tu
466 1757 569 1800 fugito
864 1759 896 1791 9.
924 1758 1003 1792 Cum
1029 1760 1164 1798 peccata
1190 1759 1407 1797 congeruntur

198 1808 244 1840 Et
268 1816 333 1839 non
360 1810 429 1839 esto
454 1806 644 1843 fornicator,
922 1806 1138 1846 Fundantque
1161 1805 1235 1846 ipsa
1259 1805 1398 1846 radices,

199 1855 265 1889 Hic
291 1854 508 1888 confundetur
532 1855 639 1887 subito
923 1854 958 1887 Si
983 1864 1047 1887 non
1073 1857 1161 1886 certe
1186 1853 1398 1894 repelluntur,

198 1904 382 1938 Revolvens
407 1900 511 1949 se[se]
538 1907 702 1947 peccator,
923 1902 1006 1936 Sunt
1030 1904 1201 1944 peccantes
1226 1900 1395 1941 infelices3

198 1953 264 1986 Hic
289 1956 427 1992 corruet,
453 1962 517 1985 non
545 1952 668 1994 dubito,
923 1952 993 1992 Ipsi
1018 1955 1125 1984 autem
1150 1950 1364 1991 corriguntur,

196 2002 272 2034 Erit
296 2002 346 2034 sui
373 2002 561 2042 dissipator.
919 2001 1026 2034 Erunt
1050 2000 1115 2041 ipsi
1139 2000 1203 2032 iam
1229 1998 1352 2031 felices.

139 2102 171 2134 5.
198 2100 283 2141 Quid
309 2100 482 2141 prospicis,
509 2102 542 2132 te
567 2100 700 2141 allevas,
837 2100 894 2133 10.
922 2100 1024 2139 Cave,
1053 2096 1145 2141 (non)
1172 2096 1314 2130 secundo
1340 2095 1462 2136 ligeris,

198 2149 284 2188 Quid
310 2148 445 2181 laetaris
470 2151 506 2180 tu
530 2148 730 2181 mundanis?
922 2148 972 2181 Tu
996 2147 1031 2179 in
1055 2146 1161 2179 Deum
1186 2154 1247 2178 nec
1269 2145 1428 2185 insurgas,

199 2198 283 2239 Quid
308 2196 456 2230 adversis
481 2200 515 2229 te
539 2197 724 2239 perturbas,

196 2246 283 2287 Quid
308 2245 451 2279 tristaris
477 2245 574 2278 rebus
600 2244 718 2279 vanis?

196 2295 282 2335 Quid
307 2304 421 2328 verum
447 2304 510 2327 non
535 2296 571 2326 tu
598 2294 731 2337 cogitas,

195 2344 281 2384 Quid
307 2347 343 2376 tu
367 2353 433 2376 non
460 2343 620 2376 adhaeres
646 2343 744 2376 sanis.

922 2196 996 2229 Non
1023 2195 1151 2236 evades,
1177 2193 1332 2235 punieriS,

922 2244 958 2277 Si
984 2242 1154 2276 confestim
1180 2251 1245 2275 non
1269 2250 1439 2283 repurgas,

922 2293 962 2326 In
988 2294 1122 2333 peccato
1147 2300 1212 2323 non
1236 2291 1384 2328 moreris,

925 2341 990 2375 Sed
1016 2340 1059 2373 ad
1084 2339 1189 2372 Deum
1214 2342 1247 2371 te
1273 2339 1422 2373 reducas.

200 2420 283 2449 Nach
306 2418 334 2455 3,
357 2419 374 2448 6
394 2421 471 2457 folgt
490 2419 584 2448 noch:
611 2420 691 2448 Puta
711 2421 744 2447 tu
765 2421 868 2447 sancte
889 2426 1001 2455 gerere,
1027 2417 1071 2446 Ut
1092 2417 1135 2445 te!
1158 2416 1268 2445 salvari
1291 2416 1404 2444 valeas.
1426 2430 1465 2435 —

121 2459 147 2495 9,
173 2458 188 2488 1
211 2468 362 2497 congrega
382 2456 486 2496 [n]tur.
