1651 2700
311 237 357 269 In
383 239 415 270 2.
441 235 672 267 Nocturno.

393 339 588 375 Antiphonae.

191 430 223 462 1.
248 428 285 460 In
312 430 434 459 catasta
459 425 594 465 sistitur,

298 475 395 507 Libet
419 473 467 505 sic
491 476 527 504 ut
553 471 632 510 deis,

249 523 312 556 Sed
337 531 397 554 nec
421 521 468 552 sic
493 518 690 552 convertitur

296 570 409 610 Neque
432 568 514 600 libat
540 567 594 599 eis.

191 658 222 689 2.
251 656 407 689 Constans
434 657 465 686 et
488 652 637 685 intimida

298 702 366 734 Nec
390 702 588 740 interrogata

249 750 334 782 Voce
358 749 475 780 clamat
495 747 617 779 vivida:

294 797 378 829 Mihi
402 798 477 827 sunt
498 795 578 827 haee
602 795 703 834 grata.

191 885 221 916 3.
249 884 393 923 Praeses,
421 880 506 920 quod
532 880 591 919 vis,
617 877 725 917 facito,

296 929 434 961 Mortem
460 927 618 959 sustinere

248 978 310 1010 Pro
336 976 464 1009 Christo
488 984 551 1006 non
578 973 698 1015 dubito,

294 1025 392 1064 Quem
418 1031 534 1062 quaero
560 1022 679 1054 videre.

391 1124 599 1160 Responsoria.

191 1204 222 1237 1.
249 1204 311 1242 En,
338 1202 530 1236 Christetam
560 1209 630 1232 cum
650 1200 783 1233 Callista

248 1251 343 1284 Fidei
368 1248 523 1281 reformat
545 1248 608 1279 ista

299 1297 402 1329 Felici
427 1296 570 1335 consilio,

251 1345 336 1385 Non,
362 1347 398 1376 ut
421 1344 501 1375 haec
526 1342 649 1374 audivit
664 1350 806 1382 praeses,

249 1393 312 1425 Est
337 1392 379 1424 ad
403 1392 515 1423 harum
542 1398 660 1430 poenas
688 1390 790 1430 deses,

300 1440 383 1479 Quas
410 1440 504 1470 necat
527 1437 686 1471 incendio.

211 1513 218 1520 .
253 1487 325 1519 Hae
350 1495 409 1526 pro
435 1489 467 1516 te
484 1487 559 1516 sunt
582 1484 726 1525 geminae

299 1533 498 1574 Margaritae

297 1581 370 1613 Non
396 1580 496 1612 invite

253 1630 385 1669 Passae,
413 1629 486 1660 Iesu
511 1626 657 1659 Domine.

220 1741 228 1748 .
254 1715 293 1747 In
321 1716 475 1745 catastam
502 1713 574 1744 dum
601 1712 736 1753 levatur,

255 1761 417 1795 Christum
442 1760 577 1792 laudans
602 1760 757 1800 gloriatur

302 1808 472 1841 Praedulci
496 1807 629 1847 laetitia,

256 1856 383 1897 Lingua
407 1855 599 1895 proloquens
626 1855 747 1888 diserta

254 1904 393 1936 Ratione
420 1903 514 1935 doc-et
538 1905 626 1934 certa

301 1951 395 1984 Idola
422 1950 606 1983 daemonia:

214 2027 221 2034 .
257 1999 326 2031 Nec
350 1999 462 2030 vident
485 2006 545 2029 nec
570 1997 713 2037 audiunt,

254 2047 324 2080 Nec
348 2045 458 2078 fantur
482 2054 542 2077 nec
566 2045 716 2085 sentiunt,

306 2094 370 2127 Sed
396 2096 469 2126 sunt
494 2092 679 2124 immobilia.

221 2209 228 2216 .
255 2182 322 2214 Ove
347 2181 436 2221 virgo
458 2180 577 2219 mitior,

256 2229 409 2262 Columba
433 2228 610 2267 simplicior

302 2277 366 2309 Sed
391 2277 592 2316 intemerata,

256 2326 433 2358 Poenarum
458 2324 626 2356 innumera

253 2373 356 2414 Auge,
383 2372 496 2412 inquit,
523 2380 641 2413 genera

301 2421 395 2462 Mihi,
421 2429 563 2461 praeses,
590 2422 692 2460 grata.

817 133 862 168 60

861 228 900 261 V.
933 226 1063 259 Auditis
1088 224 1258 256 Fabricius

933 274 994 308 His
1022 272 1103 305 furit
1126 275 1162 303 ut
1187 270 1295 303 ebrius

981 322 1093 354 Mente
1118 320 1286 352 venenata.

997 457 1043 490 In
1070 456 1102 488 3.
1129 453 1362 486 Nocturno.

1077 557 1275 594 Antiphonae.

900 674 908 682 .
934 648 1015 681 Viro
1042 646 1139 679 debes
1165 644 1286 676 nubere

982 695 1026 727 Et
1050 702 1158 726 secum
1182 690 1299 724 laetari

935 744 1118 782 Puerosque
1142 741 1272 781 gignere

981 791 1088 830 Atque
1113 786 1289 820 convivari.

899 912 907 921 .
933 886 1002 925 Asp
1007 894 1100 916 eruor
1124 882 1297 925 spurcitias

981 932 1094 964 Mariti
1117 930 1273 969 mortalis,

933 980 1017 1013 Nam
1044 978 1201 1019 despondi
1225 976 1357 1017 nuptias

981 1026 1098 1067 Sponsi
1121 1025 1322 1057 immortalis.

901 1149 909 1157 .
936 1122 1040 1155 Huius
1065 1121 1176 1161 sponsi
1201 1119 1336 1151 foedera

984 1170 1154 1209 Nunquam
1179 1166 1330 1206 irritabo,

935 1217 999 1250 Sed
1025 1217 1066 1248 ad
1093 1216 1159 1247 eius
1183 1216 1287 1247 latera

984 1264 1040 1296 Me
1064 1271 1192 1303 semper
1216 1262 1347 1302 aptabo.

1074 1376 1283 1412 Responsoria.

902 1492 910 1500 .
935 1464 1027 1497 Haec
1050 1462 1116 1495 suis
1142 1461 1299 1494 lateribus

935 1511 1090 1544 Accensis
1115 1509 1320 1549 lampadibus

983 1558 1132 1592 Praesidi
1155 1557 1300 1596 insultat,

938 1607 1040 1640 Caesa
1064 1605 1179 1646 palmis
1204 1604 1289 1637 facie

937 1654 1066 1687 Laudes
1094 1653 1215 1686 Christi
1240 1652 1363 1693 gratiae

987 1702 1081 1736 Canit
1102 1704 1135 1733 et
1160 1701 1310 1732 exsultat.

939 1750 978 1782 In
1002 1749 1101 1781 tantis
1126 1748 1295 1789 suppliciis

984 1797 1082 1837 Virgo
1108 1796 1204 1836 ridet,

988 1845 1122 1877 Praeses
1147 1844 1266 1876 stridet

938 1893 1054 1926 Poenis
1080 1892 1187 1923 cordis
1211 1891 1330 1925 nimiiS.

908 2013 916 2021 .
942 1987 997 2020 Ad
1021 1991 1157 2018 mortem
1183 1995 1255 2018 cum
1282 1986 1472 2028 ducebatur,

941 2034 997 2067 Ad
1024 2043 1092 2066 eam
1118 2035 1165 2065 sic
1189 2034 1382 2074 loquebatur

988 2082 1194 2114 Subsannans
1219 2082 1433 2122 Theophilus:

943 2129 1061 2169 Sponsi
1087 2130 1132 2161 tui
1163 2130 1203 2161 de
1229 2130 1331 2162 vireto

941 2177 1040 2217 Mala,
1067 2186 1158 2209 rosas
1183 2178 1262 2209 mihi
1286 2181 1373 2219 peto,

993 2225 1066 2258 Sint
1089 2228 1126 2256 ut
1149 2226 1229 2256 mihi
1252 2226 1380 2260 iubiluS.

902 2300 909 2307 .
942 2273 998 2305 Ad
1023 2273 1104 2305 haec
1125 2282 1244 2312 sponsa
1267 2273 1402 2306 Christi:

991 2321 1093 2353 Plane
1117 2321 1165 2352 ita
1190 2319 1307 2353 faciam

990 2368 1104 2409 Neque
1125 2371 1158 2400 te
1184 2369 1353 2410 decipiam,

941 2417 1084 2458 Mittam,
1111 2425 1192 2457 quae
1216 2418 1338 2457 petisti.
