1651 2700
197 256 255 288 2a.
283 255 452 288 Ieiunabas
476 256 573 289 biduo

282 303 409 335 Pariter
434 307 466 335 et
489 305 597 337 triduo

334 351 425 383 Vitae
449 355 522 384 tuae
546 355 699 394 tempore,

197 431 256 464 3a.
282 431 404 464 Diebus
429 441 467 464 ac
491 433 637 466 noctibus

281 478 353 511 Non
381 488 485 512 cessas
508 481 548 513 ab
574 481 700 514 actibus

329 527 439 559 Divini
465 529 623 572 colloquii,

196 607 257 639 4a.
282 607 378 639 Fidei
404 610 565 642 consortio

281 655 389 695 Iungis
415 665 485 688 cum
510 657 656 690 Tiburtio

328 702 430 734 Tuum
455 713 605 745 sponsum
630 705 742 746 libere,

196 783 255 814 5a.
283 782 359 814 Cum
386 785 494 823 palma
518 786 665 825 martyrii

282 829 370 862 Caeli
396 830 481 863 fores
507 833 581 864 atrii

327 877 500 910 Laetanter
524 880 716 921 ingrederis,

823 162 963 197 94—

880 259 939 294 2b.
966 259 1124 292 Devotum
1149 267 1209 299 per
1235 258 1376 290 studium

967 306 1087 339 Christi
1113 307 1312 348 evangelium

1013 354 1156 387 Gerebas
1180 355 1214 386 in
1238 358 1379 395 pectore.

879 436 898 468 3
912 435 944 468 b.
971 437 1094 476 Corpus
1119 439 1206 468 tuum
1232 435 1380 477 pluribus

966 483 1015 515 Tu
1038 484 1266 523 asperitatibus

1013 531 1160 563 Domasti
1186 532 1294 566 cilicii.

878 611 938 645 4b.
965 611 1109 644 Iudicem
1133 613 1339 645 Almachium

965 659 1119 691 Dolosum
1145 664 1177 692 et
1200 661 1334 701 impium

1014 706 1181 748 Superasti
1205 717 1374 749 prospere.

879 786 940 820 5b.
966 787 1043 819 Tuis
1068 788 1122 820 ubi
1148 788 1294 821 dulcibus

965 834 1003 866 In
1029 843 1141 868 aevum
1165 837 1350 875 precatibus

1014 882 1170 915 Uniamur
1195 885 1331 924 superis.

258 957 283 983 B
297 957 347 984 fol.
365 956 418 985 169
427 959 454 986 b.
465 959 596 987 -—Mel.:
611 960 705 987 Veni
719 963 846 989 sancte
860 961 879 989 S
891 963 1035 997 piritus.
1047 964 1243 999 —Tropus
1256 972 1345 1000 super
1356 964 1499 992 Alleluia:

636 1026 772 1055 Thronus
793 1037 859 1056 cum
881 1029 1025 1056 eburneus

680 1065 726 1092 Tu
747 1067 788 1093 sis
809 1065 985 1099 Salomonis,

640 1103 754 1137 Nescis,
777 1104 848 1139 quid
868 1106 908 1132 sit
928 1113 1034 1133 aureus

682 1140 766 1168 Calix
784 1142 948 1178 Babylonis

680 1179 704 1206 O
725 1179 807 1207 clara
828 1180 967 1208 Caecilia.

617 1290 643 1321 6.
682 1291 725 1322 De
745 1292 852 1324 sancto
875 1292 1068 1325 colomanno.

195 1371 212 1403 1
225 1380 252 1404 a.
280 1371 507 1405 Laetabundus

277 1418 402 1451 Fidelis
427 1420 461 1451 in
487 1422 584 1453 caelis
612 1425 719 1455 coetus

324 1467 530 1511 Iucundetur,

194 1547 253 1578 2a.
281 1547 490 1580 Gholomanni
514 1551 634 1582 variam

275 1594 420 1634 Pugnam
447 1599 478 1628 et
503 1597 670 1630 victoriam

325 1641 530 1678 Gaudiosam.

192 1723 251 1754 3a.
277 1721 475 1762 Explorator
501 1726 653 1769 creditur,

275 1769 403 1810 Flagris
431 1771 510 1803 diris
537 1774 682 1806 caeditur

323 1817 442 1850 Christi
466 1820 568 1862 mileS,

189 1899 248 1930 4a.
276 1897 454 1931 Suffocatus
479 1904 585 1933 resteo

275 1945 513 1979 Cholomannus
534 1949 660 1990 laqueo,

323 1994 415 2026 Viret
438 1996 544 2028 restis.

191 2075 250 2107 5a.
276 2075 464 2108 Multandus
490 2076 633 2120 obticuit,

270 2124 428 2155 Innocens
454 2125 613 2166 occubuit,

273 2170 371 2202 Suum
397 2180 459 2204 non
486 2174 613 2212 aperuit

319 2219 362 2252 Os
388 2223 424 2251 ut
448 2229 559 2260 agnus

186 2300 245 2332 6a.
272 2300 428 2341 Princeps
453 2303 555 2343 paciS,
582 2304 666 2344 Iesu,

272 2348 393 2381 Libera
417 2350 456 2382 ab
484 2360 540 2382 esu

272 2395 446 2429 Infernalis

317 2453 374 2476 nos
400 2447 540 2490 tyranni,

881 1377 939 1411 1b.
966 1378 1065 1410 Totus
1092 1380 1229 1411 mundus

967 1426 1119 1458 Volenter
1145 1428 1296 1460 decenter
1320 1429 1424 1461 laetus

1011 1473 1199 1506 Moduletur

876 1553 936 1586 2b.
965 1555 1025 1594 Qui
1050 1556 1233 1595 relinquens
1261 1556 1402 1591 Scotiam

963 1603 1047 1635 Casu
1072 1603 1162 1635 venit
1184 1605 1351 1637 Austriam

1010 1649 1232 1683 Fructuosam.

876 1730 936 1763 3b.
965 1730 1094 1763 Serrani
1121 1733 1246 1764 addunt
1272 1735 1420 1767 cruribus

964 1778 1041 1811 Cum
1066 1781 1234 1812 tormentis
1260 1782 1408 1821 pluribus

1010 1826 1129 1859 Hostes
1157 1829 1247 1863 vileS.

877 1906 938 1939 4b.
967 1907 1063 1939 Nullo
1089 1918 1208 1941 nocens
1235 1911 1312 1943 vitio

963 1954 1093 1987 Finitur
1118 1958 1292 1997 suspendio

1010 2002 1073 2034 Dei
1096 2005 1201 2038 testis.

877 2082 936 2116 5b.
964 2083 1125 2117 Coherens
1148 2089 1348 2121 constantiae

963 2132 1037 2164 Non
1062 2133 1147 2165 cedit
1172 2135 1318 2180 iniuriae,

961 2179 1099 2212 Domum
1125 2182 1213 2214 subit
1237 2184 1359 2224 gloriae

1009 2228 1138 2270 Martyr
1163 2240 1308 2271 magnus.

875 2308 937 2341 6b.
964 2308 1009 2340 Et
1034 2310 1076 2342 ad
1102 2311 1308 2345 sabbatorum

963 2356 1138 2390 Sabbatum
1164 2361 1310 2401 polorum

962 2405 1064 2437 Prece
1088 2409 1212 2447 perduc

1010 2453 1231 2491 Cholomanni.
