1651 2700
694 138 954 174 —251—

175 232 206 265 7.
233 230 308 263 Non
333 230 426 263 nobis
454 232 511 264 des
538 233 680 274 divitias,

233 279 428 312 Necessaria
455 281 605 325 concede,

232 327 283 360 Tu
307 331 436 360 nostras
460 331 585 360 mentes
612 329 742 371 dirigas,

232 375 259 408 Ο
287 375 491 417 clemensque
515 376 669 416 piissime,

233 423 301 455 Nos
326 423 413 456 inter
438 425 545 457 salvos
569 424 704 468 inseras,

233 471 302 504 Nos
326 474 471 513 protege,
497 473 710 507 sanctissime.

870 237 901 271 8.
930 237 997 270 Nos
1023 238 1156 270 miseros
1182 246 1223 269 ne
1250 237 1390 278 deseraS,

930 285 1001 318 Non
1027 286 1125 318 simus
1150 286 1183 317 in
1208 285 1361 326 pernicie,

930 333 979 365 Tu
1004 343 1063 367 nos
1089 334 1244 365 contritos
1270 332 1380 376 facias,

927 380 1001 413 Non
1026 382 1124 413 simus
1148 382 1182 413 in
1210 381 1338 421 duritie,

931 429 1105 461 Precantes
1129 438 1188 461 nos
1214 429 1367 461 exaudias

924 475 970 508 Et
995 477 1124 508 auribus
1150 486 1208 509 nos
1233 477 1376 517 percipe.

521 570 553 602 9.
581 571 611 601 A
636 570 730 601 malis
755 579 813 602 nos
840 571 969 614 eripias,

579 617 629 649 Tu
654 618 721 650 noli
745 627 804 650 nos
831 618 991 660 deserere,

583 666 634 698 Da
659 666 754 698 nobis
780 666 866 699 vires
891 667 1016 699 lucidas

579 714 784 755 Virtutisque
810 714 986 756 custodiae,

579 763 634 794 Ad
659 763 797 794 salutem
821 771 880 794 nos
905 763 1075 804 perducas,

581 811 631 843 Tu
656 819 714 842 rex
740 813 891 843 aeternae
916 811 1048 852 gloriae.

368 910 432 942 102.
473 911 613 950 Hymnus
640 911 677 943 (le
698 911 821 943 virtute
841 911 1031 952 cognitionis
1053 912 1086 943 et
1106 911 1283 951 regiminis,

642 968 723 1000 quae
744 968 864 991 summa
885 960 1012 991 dicitur.

174 1051 207 1084 1.
233 1050 296 1083 Est
320 1059 443 1082 summa
469 1050 629 1090 sapientia

233 1098 275 1130 Se
299 1097 403 1138 ipsum
432 1106 525 1139 quem
553 1106 755 1139 cognoscere,

234 1146 297 1178 Est
321 1155 508 1186 summaque
533 1146 708 1187 prudentia

233 1193 276 1226 Se
300 1194 406 1233 ipsum
432 1193 515 1225 bene
540 1202 661 1234 regere,

229 1242 292 1274 Est
316 1250 495 1282 magnaque
523 1242 683 1273 dementia

233 1291 276 1323 Se
301 1290 407 1330 ipsum
434 1298 527 1330 quem
552 1290 733 1330 neglegere.

867 1052 902 1084 4.
931 1050 1085 1083 Notificat
1110 1060 1203 1090 quem
1232 1050 1384 1091 dignitas,

926 1099 978 1130 Ex
1004 1099 1119 1130 studiis
1146 1098 1216 1138 quis
1242 1098 1393 1140 cernitur,

929 1146 1080 1179 Ostendit
1104 1155 1199 1186 quem
1223 1144 1373 1188 felicitae,

928 1195 1005 1234 Quis
1030 1202 1129 1234 opere
1154 1194 1370 1236 cognoscitur,

929 1242 1069 1274 Reduc1t
1094 1251 1189 1283 quem
1215 1241 1407 1284 adversitas,

928 1289 1005 1329 Quis
1030 1290 1197 1330 prosperis
1224 1289 1402 1323 extollitur.

172 1389 204 1420 2.
231 1388 268 1420 In
297 1387 366 1419 Deo
392 1395 521 1427 semper
545 1386 666 1419 veritas
868 1388 899 1420 5.
928 1386 1108 1426 Praecipua
1133 1389 1183 1418 est
1207 1386 1351 1426 aequitas

229 1436 267 1468 In
293 1436 486 1476 homineque
510 1434 647 1475 fallitur,
928 1434 1165 1475 Colligiturque
1190 1438 1317 1477 seritur,

230 1484 389 1525 Arguitur
414 1483 574 1516 acerbitas
927 1483 1005 1522 Quis
1030 1483 1174 1515 noscitur
1199 1491 1258 1524 per
1283 1482 1424 1525 semitas,

229 1533 479 1573 Modestumque
506 1531 703 1574 conceditur,
926 1531 979 1563 Ex
1004 1539 1103 1573 opere
1128 1530 1356 1572 praesumitur,

231 1579 371 1614 Pacifico
396 1580 628 1623 tranquillitas,
927 1580 995 1612 Iam
1021 1579 1141 1611 crescit
1165 1579 1235 1610 iure
1262 1579 1387 1617 civitas,

230 1630 471 1669 Perversusque
497 1628 721 1670 supprimitur.
927 1628 1032 1668 Patet,
1060 1627 1145 1667 quod
1172 1627 1258 1658 intus
1284 1627 1417 1667 geritur.

170 1729 202 1761 3.
229 1726 292 1759 Est
316 1734 440 1758 summa
466 1725 568 1756 virtus
595 1725 724 1767 caritas,
868 1726 900 1758 6.
927 1724 1103 1757 Discordes
1130 1724 1217 1763 parit
1242 1723 1376 1767 novitas,

229 1775 296 1807 Per
322 1783 389 1806 eam
419 1774 540 1806 caelum
568 1773 744 1817 scanditur,
930 1773 1094 1805 Tristatur
1120 1773 1181 1812 hic,
1210 1772 1263 1812 qui
1289 1772 1420 1814 patitur,

232 1824 282 1857 Sit
306 1822 424 1855 nobilis
451 1822 645 1864 humanitas,
929 1821 991 1853 Est
1015 1820 1114 1853 animi
1139 1820 1291 1852 nobilitas

230 1873 269 1905 In
294 1871 406 1912 lingua
430 1871 502 1911 quis
527 1871 722 1911 agnoscitur,
931 1869 1120 1909 Remittere,
1148 1877 1218 1900 cum
1243 1868 1394 1901 laeditur.

232 1921 332 1960 Quem
358 1929 442 1961 pura
467 1919 574 1951 salvat
599 1918 740 1962 castitas,
930 1918 967 1950 Jn
994 1917 1123 1950 homine
1148 1917 1192 1949 sit
1215 1917 1331 1958 pietas,

233 1970 380 2002 Daemon
407 1977 447 2001 cx
474 1976 512 2000 ea
538 1968 688 2002 vincitur.
929 1965 1019 1998 Dans
1044 1966 1134 2006 inopi
1159 1965 1344 1998 laetabitur.

520 2068 551 2100 7.
577 2066 741 2108 Desperat
766 2074 861 2106 quem
887 2067 1052 2099 atrocitas¹

576 2114 789 2148 Moderantia
813 2113 991 2154 reducitur,

576 2163 639 2196 Est
660 2163 693 2195 in
720 2162 892 2195 mundanis
918 2162 1056 2202 vanitas,

577 2212 631 2245 Ad
656 2214 793 2244 mortem
817 2211 914 2243 homo
936 2209 1092 2251 nascitur,

577 2260 809 2301 Mundanaque
834 2258 1035 2299 prosperitas

578 2307 751 2342 Offendere
776 2316 869 2347 quem
895 2306 1020 2339 nititur.

233 2388 320 2417 Nach
341 2385 368 2420 3,
383 2386 401 2415 6
414 2387 491 2423 folgt
503 2386 596 2414 noch:
617 2385 667 2413 Ex
679 2393 761 2413 more
775 2385 816 2412 sit
828 2383 965 2411 hilaritas
982 2380 987 2419 1
1007 2383 1081 2416 Quis
1094 2383 1170 2410 vitio
1185 2381 1354 2409 tristaditur
1394 2381 1492 2410 Offen-

153 2429 199 2457 dit
219 2437 308 2465 quem
328 2427 476 2464 gulositas
494 2425 498 2454 Ι
516 2425 559 2453 Et
578 2426 732 2453 abstinens
754 2424 821 2460 quis
846 2423 967 2458 regitur.
997 2437 1025 2441 —
1047 2420 1073 2455 5,
1089 2419 1106 2448 6
1130 2420 1216 2455 Quod
1237 2423 1320 2457 patet
1339 2422 1430 2448 intus,
1459 2435 1489 2439 -

152 2467 180 2502 7,
202 2465 220 2495 2
241 2467 320 2495 Eine
341 2465 425 2494 Silbe
445 2474 481 2492 zu
499 2464 577 2499 viel;
600 2463 763 2499 Synicese‘?
