1651 2700
202 255 233 286 3.
261 253 341 293 Ave,
368 262 386 285 o
410 252 563 294 Eugenia‚

307 300 431 340 Sponsa
456 299 575 332 Christi
601 307 685 340 cara,

264 348 390 379 Virtute
414 348 447 379 iu
473 347 578 388 patria

309 395 397 428 Caeli
420 393 514 427 flores
541 395 638 435 clara,

261 443 330 475 Deo
355 443 527 475 reconcilia

310 490 375 531 Me,
405 490 506 522 dulcis
532 498 563 521 et
588 498 696 530 gnara,

261 538 407 570 Evadam
433 538 593 578 supplicia

312 585 434 618 Inferni
459 595 578 618 amara.

231 726 238 733 .
264 702 345 742 Ave,
372 702 434 734 Dei
458 702 591 742 Brigida

310 749 434 789 Sponsa
458 751 649 789 praeelecta,

264 796 325 837 Da,
352 805 392 828 ne
416 806 486 829 mea
511 795 631 837 frigida

310 844 404 876 Mens
430 844 473 875 sit
498 847 530 874 et
554 844 691 883 abiecta,

262 891 326 923 Sed
351 890 404 923 fac
427 894 482 923 tua
507 892 615 924 vivida

312 939 422 979 Prece,
448 941 484 970 ut
508 939 551 970 sit
575 942 665 971 recta

263 985 395 1026 Deoque
419 995 477 1026 per
502 985 617 1019 florida

313 1035 419 1073 Opera
446 1034 573 1065 dilecta.

233 1171 241 1179 .
266 1147 346 1184 Ave,
375 1148 456 1179 caeli
479 1148 592 1191 lilium,

316 1194 492 1226 Gerdrudis
517 1196 643 1235 regalis,

266 1243 315 1274 Tu
341 1242 460 1274 Christi
491 1243 674 1285 sacrarium,

314 1289 445 1329 Angelis
471 1290 623 1330 aequalis,

267 1336 350 1367 Meis
375 1336 436 1368 Dei
460 1336 560 1368 filium

315 1385 451 1416 Precare
476 1394 534 1424 pro
560 1385 663 1424 mam,

268 1431 312 1464 Ut
338 1434 411 1470 post
434 1432 495 1463 hoc
520 1432 664 1463 exsilium

314 1478 393 1510 Eius
419 1480 476 1510 sim
503 1479 561 1511 sub
588 1479 657 1513 alis,

233 1617 242 1627 .
267 1594 347 1636 Ave,
373 1594 454 1625 lucis
479 1593 595 1636 facula,

313 1641 408 1681 Virgo
433 1642 620 1682 Petronilla,

265 1688 357 1720 Omni
384 1697 494 1721 carens
521 1690 655 1729 macula,

312 1736 430 1777 Magna
456 1740 489 1768 et
512 1738 640 1779 pusilla,

265 1784 358 1815 Vitae
384 1784 460 1816 mihi
486 1786 600 1824 pocula

312 1831 407 1863 Dulci
432 1840 528 1871 prece
553 1833 651 1872 stilla,

266 1877 315 1909 Sit
336 1887 395 1918 per
421 1882 535 1911 cuncta
560 1881 688 1912 saecula

313 1926 388 1957 Mea
412 1935 501 1958 mens
527 1928 715 1967 tranquilla.

231 2067 238 2074 .
266 2041 345 2080 Ave,
374 2041 425 2073 dei
447 2039 513 2073 filio

312 2089 434 2121 Thecla
460 2089 662 2130 desponsata,

265 2136 429 2169 Castitatis
453 2136 522 2168 lilio

312 2184 395 2216 Tota
419 2184 579 2227 decorata,

264 2231 320 2263 Me
344 2242 364 2264 a
388 2233 493 2264 carnis
518 2234 596 2265 vitio

313 2279 441 2320 Libera,
468 2289 486 2312 o
512 2284 613 2325 grata,

265 2327 309 2359 Et
334 2328 457 2360 conduc
483 2338 550 2360 cum
578 2330 695 2370 gaudio

313 2376 367 2407 Ad
392 2385 492 2417 regna
517 2380 638 2417 optata.

715 152 977 188 —158—

913 250 944 282 8.

894 1148 947 1183 10.

894 1597 950 1631 11.

895 2045 950 2078 12.

971 250 1050 293 Ave,
1076 249 1169 291 Afra,
1193 250 1278 282 linea

1019 298 1272 338 Emendationis,

973 346 1060 385 Quae
1085 345 1176 377 fuisti
1201 344 1324 378 framea

1020 394 1112 426 Prius
1139 393 1326 435 Babylonis,

973 441 1019 474 Ob
1046 445 1078 473 te
1105 450 1154 473 me
1179 451 1240 474 non
1266 442 1382 473 lancea

1020 489 1146 522 Laedat,
1169 489 1312 533 ultionis,

974 536 1037 569 Sed
1063 538 1180 569 laetum
1202 538 1257 569 det
1283 537 1376 569 vinea

1021 585 1266 617 Retributionis.

940 726 946 733 .
973 701 1054 743 Ave,
1081 702 1170 742 virgo
1197 710 1298 740 rosea,

1021 749 1046 781 Ο
1071 750 1254 792 Anastasia,

973 796 1071 828 Fulta
1095 797 1180 829 vitae
1204 798 1317 829 trabea

1020 844 1058 876 In
1084 844 1144 876 hac
1168 846 1278 877 mundi
1306 844 1366 883 via,

973 890 1049 923 Mea
1074 900 1114 923 ne
1139 892 1181 923 sit
1208 901 1325 925 carnea

1022 938 1124 982 Mens,
1152 938 1205 971 fao
1229 949 1326 980 prece
1351 941 1416 981 pia,

975 986 1038 1018 Sed
1064 987 1122 1018 sim
1148 988 1182 1019 in
1199 988 1326 1020 siderea

1022 1033 1140 1066 Tecum
1165 1036 1361 1068 monarchia.

974 1150 1055 1190 Ave,
1082 1159 1099 1182 o
1127 1151 1248 1191 Ottilia,

1022 1197 1104 1229 Tota
1128 1199 1278 1238 gratiosa,

974 1245 1034 1277 Dei
1064 1245 1129 1276 vivi
1155 1245 1230 1289 filia,

1022 1292 1172 1324 Paradisi
1196 1303 1279 1332 rosa,

974 1339 1044 1371 Tua
1071 1349 1168 1379 prece
1193 1342 1299 1373 omnia

1024 1386 1179 1427 Spernam
1206 1389 1321 1421 vitiosa

973 1433 1018 1465 Et
1042 1438 1146 1466 tecum
1169 1436 1202 1467 in
1228 1437 1330 1476 gloria

1026 1482 1139 1514 Vivam
1164 1484 1328 1524 gaudiosa.

976 1598 1056 1637 Ave,
1085 1598 1181 1639 digna
1206 1599 1365 1643 laudibus,

1024 1645 1141 1678 Sancta
1166 1647 1382 1691 Radegundss,

975 1692 1058 1724 Nam
1083 1695 1201 1734 spretis
1227 1695 1388 1735 regalibus

1025 1740 1176 1774 Satanam
1203 1741 1384 1784 confundis,

975 1788 1043 1820 Piis
1068 1789 1140 1821 leva
1165 1790 1315 1830 precibus

1025 1836 1146 1877 Culpae
1172 1838 1212 1870 de
1237 1837 1408 1878 profundis

976 1884 1032 1915 Me
1058 1889 1090 1916 et,
1116 1886 1197 1917 caeli
1223 1886 1366 1918 coetibus

1025 1932 1119 1964 Socia
1142 1933 1303 1968 iucundis,

976 2046 1056 2087 Ave,
1086 2047 1183 2080 Clara
1207 2049 1343 2093 nomine,

1026 2094 1152 2127 Olarior
1177 2096 1306 2139 virtute,

977 2142 1015 2174 In
1039 2142 1207 2175 Francisci
1233 2145 1347 2177 ordine

1027 2190 1122 2223 Claro
1150 2192 1268 2233 degens
1293 2196 1373 2236 tute,

978 2237 1035 2270 Pio
1063 2239 1104 2270 da
1125 2239 1285 2272 iuvamine

1028 2286 1159 2319 Scutum
1184 2298 1244 2327 pro
1272 2298 1322 2321 me
1346 2293 1382 2322 tu
1407 2292 1452 2333 te,

980 2333 1025 2366 Ut
1049 2334 1083 2366 in
1109 2336 1177 2375 poli
1200 2336 1320 2369 lumine

1028 2382 1170 2423 Regnem
1197 2393 1268 2417 cum
1293 2386 1408 2418 salute.
