1651 2700
697 163 931 198 -50-

373 298 504 334 Respons
510 299 580 326 oria.

178 395 210 427 1.
236 396 379 435 Angelus
404 395 461 427 hos
488 395 678 437 consolatur,

233 442 291 475 Eis
319 443 392 475 dum
417 443 610 474 vaticinatur

282 490 485 522 Nascituram
512 489 609 521 filiam

231 538 354 570 Mundo
383 538 509 569 dantem
535 538 680 578 gratiam,

232 586 368 626 Angelis
393 586 558 628 laetitiam,

279 633 431 664 Trinitati
455 632 607 673 gloriam3

192 705 199 712 .
238 680 369 720 Spargit
394 684 429 711 ut
453 680 501 711 sol
522 680 658 719 radium,

234 727 345 759 Pariet
368 727 449 758 haec
474 726 574 758 filium

233 774 328 806 Vitae
353 775 481 806 dantem
507 774 665 807 bravium.

173 881 204 912 2.
230 879 348 919 Angeli
371 879 525 919 pollicitis

231 927 416 966 Mutuisque
439 926 568 958 monitis

278 974 408 1006 Dabant
434 975 559 1006 demum
582 973 690 1017 fidem,

235 1022 328 1053 Datis
353 1021 530 1053 rationibus

234 1069 348 1101 Multis
376 1069 415 1100 de
439 1069 613 1108 sterilibus,

280 1116 362 1147 Nam
387 1118 544 1149 nutabant
567 1115 712 1156 pridem3

194 1190 200 1197 .
235 1164 367 1195 Pactum
393 1166 469 1203 post
493 1163 671 1203 angelicum

283 1210 486 1248 Securantur‚

282 1258 523 1290 Praestola-ntur

234 1305 367 1337 Partum
392 1309 455 1337 tam
482 1304 693 1345 magnificum.

238 1411 333 1442 Anna
358 1410 486 1441 tandem
511 1408 610 1442 filiam

233 1458 365 1498 Peperit
391 1457 549 1497 eximiam,

283 1505 413 1537 Maeror
437 1505 636 1545 terminatur,

235 1553 381 1592 Fugatur
406 1552 624 1592 opprobrium,

235 1600 421 1633 cumulatur
445 1600 607 1641 gaudium,

284 1648 379 1680 Risus
404 1646 637 1687 frequentatur.

196 1722 203 1729 .
237 1696 261 1728 Ο
288 1698 380 1735 grata
403 1695 566 1734 sterilitas,

286 1743 383 1782 Quam
410 1743 566 1774 secundat

283 1790 328 1822 Et
353 1788 505 1822 fecundat

239 1838 364 1870 Tantae
389 1838 489 1877 prolis
517 1838 670 1877 dignitas!

203 1969 210 1976 .
238 1944 262 1976 O
289 1942 368 1975 felix
394 1951 627 1982 commerclum,

237 1992 261 2024 O
289 1990 415 2022 caelebs
442 1991 621 2031 coniugium

282 2038 424 2072 Ioachim
451 2041 484 2069 et
507 2039 631 2078 Annae,

237 2087 298 2126 Qui
324 2087 362 2118 de
389 2087 492 2126 stirpe
516 2086 605 2126 regia

236 2134 314 2167 Nati
340 2134 468 2174 plenam
493 2134 598 2174 gratia

285 2181 428 2223 Gignunt
452 2190 558 2213 arcam
582 2183 735 2215 mannae!

197 2258 203 2264 .
237 2230 365 2262 Felices
391 2230 425 2261 hi
450 2230 578 2270 gemini,

283 2279 353 2311 Deo
378 2278 455 2320 cari,

283 2326 407 2358 Mundo
434 2325 524 2365 clari,

236 2374 327 2407 Nulli
354 2374 422 2406 dati
447 2374 586 2405 crimini!

1014 296 1031 328 I
1041 305 1062 327 n
1087 294 1115 326 L
1124 303 1172 325 au
1183 294 1222 325 di
1232 292 1251 324 b
1261 302 1282 323 u
1291 301 1320 324 s.

1062 358 1259 394 Antiphonae.

886 455 894 464 ,
919 430 1046 462 Annam
1072 436 1196 460 sacram
1221 426 1326 458 induit

966 476 1122 509 Dominus
1149 475 1275 516 decore,

921 524 1054 564 Semper
1081 523 1164 555 enim
1190 522 1289 554 viruit

965 573 1004 605 In
1030 572 1097 603 eius
1122 579 1241 603 amore.

886 676 892 682 .
919 648 1029 681 Omnis
1055 651 1152 687 terra,
1179 645 1341 678 mentibus

967 695 1036 727 Deo
1060 695 1195 726 iubilate

917 743 962 775 Et
984 744 1100 775 Annae
1123 741 1295 774 virtutibus

966 790 1091 822 Sanctis
1118 799 1172 822 vos
1198 791 1321 821 ornate.

883 890 891 899 .
917 865 1046 898 Domini
1070 868 1107 897 ut
1130 866 1265 905 gloriam

962 912 1057 945 Laeti
1082 913 1256 951 videamus,

921 959 1039 1001 Vigiles
1063 960 1105 992 ad
1129 960 1257 991 latriam

966 1007 1044 1041 Cum
1068 1009 1165 1040 Anna
1192 1008 1347 1040 vivamus.

884 1112 892 1119 .
918 1084 988 1117 Deo
1015 1084 1207 1116 benedicere

967 1132 1047 1171 Quia
1071 1132 1161 1163 novit
1184 1132 1289 1173 Anna,

917 1179 1024 1219 Digna
1047 1179 1141 1210 modo
1166 1187 1291 1210 sumere

963 1226 1025 1258 Est
1051 1226 1193 1258 divinum
1218 1235 1345 1260 manna.

885 1330 891 1336 .
918 1303 1013 1335 Miris
1040 1312 1099 1342 pro
1126 1303 1295 1335 virtutibus

966 1351 1080 1382 Annae
1104 1356 1170 1382 tam
1195 1350 1301 1382 fidelis

920 1397 1094 1430 Iubilemus
1119 1398 1267 1430 laudibus

966 1445 1103 1477 Domino
1131 1447 1171 1477 de
1196 1446 1302 1478 caelis.

1037 1539 1082 1567 Ad
1101 1540 1286 1568 Benedictus.

880 1632 887 1641 .
921 1608 960 1640 In
988 1608 1080 1640 domo
1106 1608 1260 1640 ecclesiae

920 1654 974 1687 Sol
998 1654 1125 1687 refulsit
1150 1656 1284 1699 gratiae,

968 1703 1057 1735 Luce
1081 1704 1210 1735 radiosa

966 1751 1063 1783 Anna
1086 1752 1245 1792 gratiosa3

920 1797 1005 1838 Iesu,
1032 1799 1119 1830 cuius
1144 1799 1265 1831 inclitis

921 1846 1074 1878 Precibus
1100 1850 1133 1878 et
1155 1847 1276 1878 meritis

970 1893 1035 1926 Nos
1064 1903 1103 1926 ex
1121 1894 1185 1926 alto
1209 1895 1305 1926 visita

971 1941 1093 1974 Cuncta
1118 1942 1228 1973 delens
1255 1942 1364 1974 debita

1017 1988 1138 2021 Nostra
1162 1989 1342 2024 criminosa.

1044 2095 1067 2126 P
1077 2104 1093 2126 e
1102 2105 1119 2126 r
1142 2095 1174 2127 H
1183 2105 1200 2127 o
1211 2106 1227 2127 r
1237 2105 1287 2130 as,

1060 2170 1108 2198 Ad
1126 2171 1265 2200 Primam.

883 2254 891 2264 .
924 2228 1090 2261 Laudibus
1116 2230 1258 2270 tripudia

971 2277 1204 2317 Coniungamus
1230 2287 1338 2311 omnes

922 2325 1037 2357 Annae
1062 2326 1209 2358 natalitia

973 2372 1120 2405 Colentes
1145 2374 1315 2409 insomnes,
