<?xml version="1.0" encoding="UTF-8"?>
<!DOCTYPE html PUBLIC "-//W3C//DTD XHTML 1.0 Transitional//EN"
    "http://www.w3.org/TR/xhtml1/DTD/xhtml1-transitional.dtd">
<html xmlns="http://www.w3.org/1999/xhtml" xml:lang="en" lang="en">
 <head>
  <title>
</title>
<meta http-equiv="Content-Type" content="text/html;charset=utf-8" />
  <meta name='ocr-system' content='tesseract 3.04.00' />
  <meta name='ocr-capabilities' content='ocr_page ocr_carea ocr_par ocr_line ocrx_word'/>
</head>
<body>
  <div class='ocr_page' id='page_1' title='image "./analectahymnica41drevuoft_00148.png"; bbox 0 0 1651 2700; ppageno 0'>
   <div class='ocr_carea' id='block_1_1' title="bbox 683 125 945 161">
    <p class='ocr_par' dir='ltr' id='par_1_1' title="bbox 683 125 945 161">
     <span class='ocr_line' id='line_1_1' title="bbox 683 125 945 161; baseline 0.011 -2"><span class='ocrx_word' id='word_1_1' title='bbox 683 125 945 161; x_wconf 77' lang='lat'>—145—</span> 
     </span>
    </p>
   </div>
   <div class='ocr_carea' id='block_1_2' title="bbox 159 211 1363 501">
    <p class='ocr_par' dir='ltr' id='par_1_2' title="bbox 159 211 1363 501">
     <span class='ocr_line' id='line_1_2' title="bbox 159 211 1268 266; baseline 0.016 -24"><span class='ocrx_word' id='word_1_2' title='bbox 159 211 191 243; x_wconf 88' lang='lat'>5.</span> <span class='ocrx_word' id='word_1_3' title='bbox 218 211 306 254; x_wconf 90' lang='lat' dir='ltr'>Ave,</span> <span class='ocrx_word' id='word_1_4' title='bbox 335 218 453 248; x_wconf 87' lang='lat' dir='ltr'>cuncta</span> <span class='ocrx_word' id='word_1_5' title='bbox 478 218 607 249; x_wconf 85' lang='lat' dir='ltr'>saecula</span> <span class='ocrx_word' id='word_1_6' title='bbox 918 224 974 256; x_wconf 88' lang='lat' dir='ltr'>Me</span> <span class='ocrx_word' id='word_1_7' title='bbox 999 226 1087 266; x_wconf 83' lang='lat' dir='ltr'>sequi</span> <span class='ocrx_word' id='word_1_8' title='bbox 1114 227 1268 259; x_wconf 86' lang='lat' dir='ltr'>velociter</span> 
     </span>
     <span class='ocr_line' id='line_1_3' title="bbox 221 260 1273 317; baseline 0.016 -26"><span class='ocrx_word' id='word_1_9' title='bbox 221 260 286 292; x_wconf 89' lang='lat' dir='ltr'>Per</span> <span class='ocrx_word' id='word_1_10' title='bbox 308 262 412 295; x_wconf 86' lang='lat' dir='ltr'>multa</span> <span class='ocrx_word' id='word_1_11' title='bbox 436 264 594 297; x_wconf 87' lang='lat' dir='ltr'>miracula</span> <span class='ocrx_word' id='word_1_12' title='bbox 917 272 964 304; x_wconf 87' lang='lat' dir='ltr'>Te</span> <span class='ocrx_word' id='word_1_13' title='bbox 990 271 1042 305; x_wconf 88' lang='lat' dir='ltr'>fac</span> <span class='ocrx_word' id='word_1_14' title='bbox 1067 277 1099 306; x_wconf 86' lang='lat' dir='ltr'>et</span> <span class='ocrx_word' id='word_1_15' title='bbox 1123 273 1273 317; x_wconf 79' lang='lat' dir='ltr'><strong>feliciter,</strong></span> 
     </span>
     <span class='ocr_line' id='line_1_4' title="bbox 268 309 1344 364; baseline 0.016 -24"><span class='ocrx_word' id='word_1_16' title='bbox 268 309 329 349; x_wconf 78' lang='lat' dir='ltr'>Qui</span> <span class='ocrx_word' id='word_1_17' title='bbox 355 310 500 344; x_wconf 86' lang='lat' dir='ltr'>illustras</span> <span class='ocrx_word' id='word_1_18' title='bbox 526 313 602 353; x_wconf 86' lang='lat' dir='ltr'>late,</span> <span class='ocrx_word' id='word_1_19' title='bbox 964 320 1037 353; x_wconf 84' lang='lat' dir='ltr'>Non</span> <span class='ocrx_word' id='word_1_20' title='bbox 1064 322 1229 364; x_wconf 85' lang='lat' dir='ltr'>disiungar</span> <span class='ocrx_word' id='word_1_21' title='bbox 1254 333 1273 356; x_wconf 86' lang='lat' dir='ltr'>a</span> <span class='ocrx_word' id='word_1_22' title='bbox 1298 327 1344 363; x_wconf 75' lang='lat' dir='ltr'>te3</span> 
     </span>
     <span class='ocr_line' id='line_1_5' title="bbox 219 355 1363 405; baseline 0.016 -18"><span class='ocrx_word' id='word_1_23' title='bbox 219 355 265 388; x_wconf 85' lang='lat' dir='ltr'>Et</span> <span class='ocrx_word' id='word_1_24' title='bbox 288 357 335 388; x_wconf 90' lang='lat' dir='ltr'>sic</span> <span class='ocrx_word' id='word_1_25' title='bbox 360 358 463 391; x_wconf 85' lang='lat' dir='ltr'>intras</span> <span class='ocrx_word' id='word_1_26' title='bbox 488 361 607 401; x_wconf 86' lang='lat' dir='ltr'>gaudia</span> <span class='ocrx_word' id='word_1_27' title='bbox 915 367 1046 400; x_wconf 84' lang='lat' dir='ltr'><strong>Iunctus</strong></span> <span class='ocrx_word' id='word_1_28' title='bbox 1072 371 1192 403; x_wconf 86' lang='lat' dir='ltr'>sanctis</span> <span class='ocrx_word' id='word_1_29' title='bbox 1218 373 1363 405; x_wconf 89' lang='lat' dir='ltr'>omnibus</span> 
     </span>
     <span class='ocr_line' id='line_1_6' title="bbox 216 404 1311 452; baseline 0.016 -17"><span class='ocrx_word' id='word_1_30' title='bbox 216 404 363 438; x_wconf 86' lang='lat' dir='ltr'>Iucunde</span> <span class='ocrx_word' id='word_1_31' title='bbox 389 408 543 440; x_wconf 87' lang='lat' dir='ltr'>caelestia</span> <span class='ocrx_word' id='word_1_32' title='bbox 915 415 1034 448; x_wconf 81' lang='lat' dir='ltr'>Vivam</span> <span class='ocrx_word' id='word_1_33' title='bbox 1060 418 1092 450; x_wconf 91' lang='lat' dir='ltr'>in</span> <span class='ocrx_word' id='word_1_34' title='bbox 1119 419 1311 452; x_wconf 88' lang='lat' dir='ltr'>caelestibus</span> 
     </span>
     <span class='ocr_line' id='line_1_7' title="bbox 266 452 1278 501; baseline 0.016 -17"><span class='ocrx_word' id='word_1_35' title='bbox 266 452 387 486; x_wconf 84' lang='lat' dir='ltr'>Plenus</span> <span class='ocrx_word' id='word_1_36' title='bbox 413 457 594 495; x_wconf 73' lang='lat' dir='ltr'>sanctitate,</span> <span class='ocrx_word' id='word_1_37' title='bbox 966 463 1042 496; x_wconf 91' lang='lat' dir='ltr'>Cum</span> <span class='ocrx_word' id='word_1_38' title='bbox 1068 466 1278 501; x_wconf 79' lang='lat' dir='ltr'>iucunditate.</span> 
     </span>
    </p>
   </div>
   <div class='ocr_carea' id='block_1_3' title="bbox 220 522 878 568">
    <p class='ocr_par' dir='ltr' id='par_1_3' title="bbox 220 522 878 568">
     <span class='ocr_line' id='line_1_8' title="bbox 220 522 878 568; baseline 0.015 -18"><span class='ocrx_word' id='word_1_39' title='bbox 220 522 247 550; x_wconf 90' lang='lat' dir='ltr'><strong>A</strong></span> <span class='ocrx_word' id='word_1_40' title='bbox 267 523 317 552; x_wconf 88' lang='lat' dir='ltr'>fol.</span> <span class='ocrx_word' id='word_1_41' title='bbox 339 523 413 553; x_wconf 78' lang='lat'>7910.</span> <span class='ocrx_word' id='word_1_42' title='bbox 435 540 473 545; x_wconf 84' lang='lat'>—</span> <span class='ocrx_word' id='word_1_43' title='bbox 495 527 552 555; x_wconf 84' lang='lat' dir='ltr'>Cfr.</span> <span class='ocrx_word' id='word_1_44' title='bbox 574 529 660 556; x_wconf 85' lang='lat' dir='ltr'>Anal.</span> <span class='ocrx_word' id='word_1_45' title='bbox 681 530 735 561; x_wconf 79' lang='grc' dir='ltr'>ΙΙΙ,</span> <span class='ocrx_word' id='word_1_46' title='bbox 759 528 814 559; x_wconf 81' lang='grc'>189</span> <span class='ocrx_word' id='word_1_47' title='bbox 835 541 878 568; x_wconf 79' lang='lat' dir='ltr'>sq.</span> 
     </span>
    </p>
   </div>
   <div class='ocr_carea' id='block_1_4' title="bbox 583 621 1032 658">
    <p class='ocr_par' dir='ltr' id='par_1_4' title="bbox 583 621 1032 658">
     <span class='ocr_line' id='line_1_9' title="bbox 583 621 1032 658; baseline 0.011 -5"><span class='ocrx_word' id='word_1_48' title='bbox 583 621 628 653; x_wconf 87' lang='lat'>66.</span> <span class='ocrx_word' id='word_1_49' title='bbox 671 623 713 654; x_wconf 83' lang='lat' dir='ltr'>De</span> <span class='ocrx_word' id='word_1_50' title='bbox 733 625 842 656; x_wconf 83' lang='lat' dir='ltr'>sancto</span> <span class='ocrx_word' id='word_1_51' title='bbox 864 625 1032 658; x_wconf 77' lang='lat' dir='ltr'>Matthaeo.</span> 
     </span>
    </p>
   </div>
   <div class='ocr_carea' id='block_1_5' title="bbox 149 687 1451 1481">
    <p class='ocr_par' dir='ltr' id='par_1_5' title="bbox 149 687 1451 1481">
     <span class='ocr_line' id='line_1_10' title="bbox 154 687 1395 741; baseline 0.013 -22"><span class='ocrx_word' id='word_1_52' title='bbox 154 687 186 720; x_wconf 90' lang='lat'>1.</span> <span class='ocrx_word' id='word_1_53' title='bbox 212 689 295 731; x_wconf 87' lang='lat' dir='ltr'>Ave,</span> <span class='ocrx_word' id='word_1_54' title='bbox 323 689 418 722; x_wconf 88' lang='lat' dir='ltr'>beate</span> <span class='ocrx_word' id='word_1_55' title='bbox 443 691 622 734; x_wconf 85' lang='lat' dir='ltr'>Matthaee,</span> <span class='ocrx_word' id='word_1_56' title='bbox 854 698 885 730; x_wconf 85' lang='lat'>3.</span> <span class='ocrx_word' id='word_1_57' title='bbox 913 699 994 739; x_wconf 89' lang='lat' dir='ltr'>Ave,</span> <span class='ocrx_word' id='word_1_58' title='bbox 1022 700 1149 741; x_wconf 80' lang='lat' dir='ltr'>spargis</span> <span class='ocrx_word' id='word_1_59' title='bbox 1174 701 1307 735; x_wconf 85' lang='lat' dir='ltr'>verbum</span> <span class='ocrx_word' id='word_1_60' title='bbox 1334 703 1395 735; x_wconf 89' lang='lat' dir='ltr'>Dei</span> 
     </span>
     <span class='ocr_line' id='line_1_11' title="bbox 263 736 1290 790; baseline 0.014 -22"><span class='ocrx_word' id='word_1_61' title='bbox 263 736 413 770; x_wconf 83' lang='lat' dir='ltr'>Lucerna</span> <span class='ocrx_word' id='word_1_62' title='bbox 438 738 594 785; x_wconf 83' lang='lat' dir='ltr'>fidelium,</span> <span class='ocrx_word' id='word_1_63' title='bbox 961 746 1020 785; x_wconf 81' lang='lat' dir='ltr'>Qui</span> <span class='ocrx_word' id='word_1_64' title='bbox 1045 747 1079 779; x_wconf 91' lang='lat' dir='ltr'>in</span> <span class='ocrx_word' id='word_1_65' title='bbox 1103 748 1290 790; x_wconf 76' lang='lat' dir='ltr'>Aethiopia,</span> 
     </span>
     <span class='ocr_line' id='line_1_12' title="bbox 213 785 1406 839; baseline 0.013 -24"><span class='ocrx_word' id='word_1_66' title='bbox 213 785 273 825; x_wconf 82' lang='lat' dir='ltr'>Qui</span> <span class='ocrx_word' id='word_1_67' title='bbox 299 787 387 826; x_wconf 83' lang='lat' dir='ltr'>genti</span> <span class='ocrx_word' id='word_1_68' title='bbox 413 788 549 827; x_wconf 82' lang='lat' dir='ltr'>primum</span> <span class='ocrx_word' id='word_1_69' title='bbox 582 790 724 823; x_wconf 79' lang='lat' dir='ltr'>Iudaeae</span> <span class='ocrx_word' id='word_1_70' title='bbox 911 793 989 826; x_wconf 82' lang='lat' dir='ltr'>Cum</span> <span class='ocrx_word' id='word_1_71' title='bbox 1015 795 1059 827; x_wconf 90' lang='lat' dir='ltr'>sis</span> <span class='ocrx_word' id='word_1_72' title='bbox 1084 796 1187 828; x_wconf 86' lang='lat' dir='ltr'>virtus</span> <span class='ocrx_word' id='word_1_73' title='bbox 1212 807 1302 830; x_wconf 86' lang='lat' dir='ltr'>meae</span> <span class='ocrx_word' id='word_1_74' title='bbox 1327 800 1406 839; x_wconf 87' lang='lat' dir='ltr'>spei,</span> 
     </span>
     <span class='ocr_line' id='line_1_13' title="bbox 262 832 1281 888; baseline 0.013 -23"><span class='ocrx_word' id='word_1_75' title='bbox 262 832 385 866; x_wconf 81' lang='lat' dir='ltr'>Scribis</span> <span class='ocrx_word' id='word_1_76' title='bbox 413 837 623 879; x_wconf 86' lang='lat' dir='ltr'>evangelium,</span> <span class='ocrx_word' id='word_1_77' title='bbox 960 841 1084 875; x_wconf 83' lang='lat' dir='ltr'>Corona</span> <span class='ocrx_word' id='word_1_78' title='bbox 1111 847 1143 876; x_wconf 91' lang='lat' dir='ltr'>et</span> <span class='ocrx_word' id='word_1_79' title='bbox 1167 846 1281 888; x_wconf 83' lang='lat' dir='ltr'>gloria,</span> 
     </span>
     <span class='ocr_line' id='line_1_14' title="bbox 213 881 1381 933; baseline 0.012 -20"><span class='ocrx_word' id='word_1_80' title='bbox 213 881 303 914; x_wconf 86' lang='lat' dir='ltr'>Audi</span> <span class='ocrx_word' id='word_1_81' title='bbox 331 892 438 915; x_wconf 86' lang='lat' dir='ltr'>vocem</span> <span class='ocrx_word' id='word_1_82' title='bbox 466 886 573 925; x_wconf 88' lang='lat' dir='ltr'>precis</span> <span class='ocrx_word' id='word_1_83' title='bbox 598 895 699 928; x_wconf 87' lang='lat' dir='ltr'>meae,</span> <span class='ocrx_word' id='word_1_84' title='bbox 910 889 1046 933; x_wconf 79' lang='lat' dir='ltr'>Quaeso,</span> <span class='ocrx_word' id='word_1_85' title='bbox 1073 901 1196 925; x_wconf 89' lang='lat' dir='ltr'>memor</span> <span class='ocrx_word' id='word_1_86' title='bbox 1226 897 1293 926; x_wconf 88' lang='lat' dir='ltr'>esto</span> <span class='ocrx_word' id='word_1_87' title='bbox 1320 896 1381 927; x_wconf 90' lang='lat' dir='ltr'>mei</span> 
     </span>
     <span class='ocr_line' id='line_1_15' title="bbox 262 929 1254 976; baseline 0.012 -15"><span class='ocrx_word' id='word_1_88' title='bbox 262 929 346 962; x_wconf 88' lang='lat' dir='ltr'>Mihi</span> <span class='ocrx_word' id='word_1_89' title='bbox 372 932 416 963; x_wconf 91' lang='lat' dir='ltr'>sis</span> <span class='ocrx_word' id='word_1_90' title='bbox 443 933 651 975; x_wconf 83' lang='lat' dir='ltr'>praesidium,</span> <span class='ocrx_word' id='word_1_91' title='bbox 956 939 994 971; x_wconf 92' lang='lat' dir='ltr'>In</span> <span class='ocrx_word' id='word_1_92' title='bbox 1019 948 1091 971; x_wconf 88' lang='lat' dir='ltr'>mea</span> <span class='ocrx_word' id='word_1_93' title='bbox 1114 941 1254 976; x_wconf 58' lang='lat' dir='ltr'>miseria„</span> 
     </span>
     <span class='ocr_line' id='line_1_16' title="bbox 214 977 1348 1029; baseline 0.012 -21"><span class='ocrx_word' id='word_1_94' title='bbox 214 977 344 1010; x_wconf 80' lang='lat' dir='ltr'>Turbae</span> <span class='ocrx_word' id='word_1_95' title='bbox 368 979 503 1020; x_wconf 84' lang='lat' dir='ltr'>iungens</span> <span class='ocrx_word' id='word_1_96' title='bbox 530 981 690 1015; x_wconf 85' lang='lat' dir='ltr'>iubilaeae</span> <span class='ocrx_word' id='word_1_97' title='bbox 910 985 954 1018; x_wconf 91' lang='lat' dir='ltr'>Ut</span> <span class='ocrx_word' id='word_1_98' title='bbox 979 986 1106 1019; x_wconf 86' lang='lat' dir='ltr'>vincam</span> <span class='ocrx_word' id='word_1_99' title='bbox 1130 988 1201 1020; x_wconf 89' lang='lat' dir='ltr'>iure</span> <span class='ocrx_word' id='word_1_100' title='bbox 1223 991 1348 1029; x_wconf 85' lang='lat' dir='ltr'>tropaei</span> 
     </span>
     <span class='ocr_line' id='line_1_17' title="bbox 264 1026 1353 1071; baseline 0.012 -14"><span class='ocrx_word' id='word_1_101' title='bbox 264 1026 319 1058; x_wconf 90' lang='lat' dir='ltr'>Me</span> <span class='ocrx_word' id='word_1_102' title='bbox 344 1030 419 1066; x_wconf 88' lang='lat' dir='ltr'>post</span> <span class='ocrx_word' id='word_1_103' title='bbox 444 1028 504 1060; x_wconf 91' lang='lat' dir='ltr'>hoc</span> <span class='ocrx_word' id='word_1_104' title='bbox 531 1030 689 1063; x_wconf 82' lang='lat' dir='ltr'>exsilium.</span> <span class='ocrx_word' id='word_1_105' title='bbox 959 1032 1083 1066; x_wconf 86' lang='lat' dir='ltr'>Cuncta</span> <span class='ocrx_word' id='word_1_106' title='bbox 1107 1037 1219 1068; x_wconf 87' lang='lat' dir='ltr'>mundi</span> <span class='ocrx_word' id='word_1_107' title='bbox 1244 1038 1353 1071; x_wconf 85' lang='lat' dir='ltr'>noxia.</span> 
     </span>
     <span class='ocr_line' id='line_1_18' title="bbox 149 1102 1363 1153; baseline 0.011 -20"><span class='ocrx_word' id='word_1_108' title='bbox 149 1103 180 1134; x_wconf 83' lang='lat'>2.</span> <span class='ocrx_word' id='word_1_109' title='bbox 207 1102 292 1145; x_wconf 82' lang='lat' dir='ltr'>Ave,</span> <span class='ocrx_word' id='word_1_110' title='bbox 321 1103 374 1144; x_wconf 83' lang='lat' dir='ltr'>qui</span> <span class='ocrx_word' id='word_1_111' title='bbox 399 1112 438 1136; x_wconf 82' lang='lat' dir='ltr'>ex</span> <span class='ocrx_word' id='word_1_112' title='bbox 462 1105 637 1145; x_wconf 84' lang='lat' dir='ltr'>publicano</span> <span class='ocrx_word' id='word_1_113' title='bbox 847 1111 878 1142; x_wconf 83' lang='lat'>4.</span> <span class='ocrx_word' id='word_1_114' title='bbox 905 1110 987 1149; x_wconf 87' lang='lat' dir='ltr'>Ave,</span> <span class='ocrx_word' id='word_1_115' title='bbox 1013 1114 1128 1150; x_wconf 88' lang='lat' dir='ltr'>patent</span> <span class='ocrx_word' id='word_1_116' title='bbox 1150 1113 1224 1145; x_wconf 85' lang='lat' dir='ltr'>Orci</span> <span class='ocrx_word' id='word_1_117' title='bbox 1249 1118 1363 1153; x_wconf 63' lang='lat' dir='ltr'>portae</span> 
     </span>
     <span class='ocr_line' id='line_1_19' title="bbox 260 1150 1331 1204; baseline 0.011 -23"><span class='ocrx_word' id='word_1_118' title='bbox 260 1150 323 1182; x_wconf 87' lang='lat' dir='ltr'>Vas</span> <span class='ocrx_word' id='word_1_119' title='bbox 351 1160 383 1182; x_wconf 89' lang='lat' dir='ltr'>es</span> <span class='ocrx_word' id='word_1_120' title='bbox 410 1151 516 1185; x_wconf 85' lang='lat' dir='ltr'>factus</span> <span class='ocrx_word' id='word_1_121' title='bbox 542 1155 677 1195; x_wconf 81' lang='lat' dir='ltr'>gratiae,</span> <span class='ocrx_word' id='word_1_122' title='bbox 953 1158 1057 1190; x_wconf 89' lang='lat' dir='ltr'>Tuum</span> <span class='ocrx_word' id='word_1_123' title='bbox 1082 1160 1124 1191; x_wconf 88' lang='lat' dir='ltr'>ad</span> <span class='ocrx_word' id='word_1_124' title='bbox 1150 1160 1331 1204; x_wconf 86' lang='lat' dir='ltr'>imperium,</span> 
     </span>
     <span class='ocr_line' id='line_1_20' title="bbox 206 1198 1374 1245; baseline 0.011 -16"><span class='ocrx_word' id='word_1_125' title='bbox 206 1198 262 1230; x_wconf 88' lang='lat' dir='ltr'>Me</span> <span class='ocrx_word' id='word_1_126' title='bbox 288 1208 307 1230; x_wconf 88' lang='lat' dir='ltr'>a</span> <span class='ocrx_word' id='word_1_127' title='bbox 334 1199 475 1241; x_wconf 85' lang='lat' dir='ltr'>cogitatu</span> <span class='ocrx_word' id='word_1_128' title='bbox 501 1210 583 1233; x_wconf 86' lang='lat' dir='ltr'>vano</span> <span class='ocrx_word' id='word_1_129' title='bbox 905 1206 1038 1245; x_wconf 85' lang='lat' dir='ltr'>Quando</span> <span class='ocrx_word' id='word_1_130' title='bbox 1063 1208 1200 1240; x_wconf 84' lang='lat' dir='ltr'>suscitas</span> <span class='ocrx_word' id='word_1_131' title='bbox 1227 1218 1246 1240; x_wconf 91' lang='lat' dir='ltr'>a</span> <span class='ocrx_word' id='word_1_132' title='bbox 1269 1213 1374 1241; x_wconf 85' lang='lat' dir='ltr'>morte</span> 
     </span>
     <span class='ocr_line' id='line_1_21' title="bbox 258 1245 1303 1296; baseline 0.011 -18"><span class='ocrx_word' id='word_1_133' title='bbox 258 1245 355 1278; x_wconf 90' lang='lat' dir='ltr'>Solve</span> <span class='ocrx_word' id='word_1_134' title='bbox 380 1247 552 1280; x_wconf 83' lang='lat' dir='ltr'>omnifarie</span> <span class='ocrx_word' id='word_1_135' title='bbox 953 1253 1056 1286; x_wconf 90' lang='lat' dir='ltr'>Saeva</span> <span class='ocrx_word' id='word_1_136' title='bbox 1081 1256 1166 1296; x_wconf 87' lang='lat' dir='ltr'>regis</span> <span class='ocrx_word' id='word_1_137' title='bbox 1192 1255 1303 1296; x_wconf 86' lang='lat' dir='ltr'>filium,</span> 
     </span>
     <span class='ocr_line' id='line_1_22' title="bbox 208 1294 1451 1350; baseline 0.011 -25"><span class='ocrx_word' id='word_1_138' title='bbox 208 1294 253 1326; x_wconf 85' lang='lat' dir='ltr'>Et</span> <span class='ocrx_word' id='word_1_139' title='bbox 278 1303 330 1326; x_wconf 89' lang='lat' dir='ltr'>me</span> <span class='ocrx_word' id='word_1_140' title='bbox 357 1295 397 1327; x_wconf 91' lang='lat' dir='ltr'>ab</span> <span class='ocrx_word' id='word_1_141' title='bbox 424 1300 498 1328; x_wconf 88' lang='lat' dir='ltr'>actu</span> <span class='ocrx_word' id='word_1_142' title='bbox 523 1297 685 1330; x_wconf 85' lang='lat' dir='ltr'>mundano</span> <span class='ocrx_word' id='word_1_143' title='bbox 904 1301 950 1334; x_wconf 90' lang='lat' dir='ltr'>Ut</span> <span class='ocrx_word' id='word_1_144' title='bbox 974 1302 1034 1333; x_wconf 89' lang='lat' dir='ltr'>sim</span> <span class='ocrx_word' id='word_1_145' title='bbox 1060 1302 1155 1344; x_wconf 90' lang='lat' dir='ltr'>bona,</span> <span class='ocrx_word' id='word_1_146' title='bbox 1188 1304 1239 1344; x_wconf 86' lang='lat' dir='ltr'>da,</span> <span class='ocrx_word' id='word_1_147' title='bbox 1267 1305 1326 1338; x_wconf 89' lang='lat' dir='ltr'>sub</span> <span class='ocrx_word' id='word_1_148' title='bbox 1352 1309 1451 1350; x_wconf 82' lang='lat' dir='ltr'>sorte,</span> 
     </span>
     <span class='ocr_line' id='line_1_23' title="bbox 254 1342 1375 1395; baseline 0.011 -21"><span class='ocrx_word' id='word_1_149' title='bbox 254 1342 362 1375; x_wconf 88' lang='lat' dir='ltr'>Trahe</span> <span class='ocrx_word' id='word_1_150' title='bbox 388 1346 421 1375; x_wconf 86' lang='lat' dir='ltr'>et</span> <span class='ocrx_word' id='word_1_151' title='bbox 444 1344 607 1385; x_wconf 82' lang='lat' dir='ltr'>lasciviae,</span> <span class='ocrx_word' id='word_1_152' title='bbox 951 1349 1074 1382; x_wconf 86' lang='lat' dir='ltr'>Ferens</span> <span class='ocrx_word' id='word_1_153' title='bbox 1100 1352 1170 1392; x_wconf 91' lang='lat' dir='ltr'>opis</span> <span class='ocrx_word' id='word_1_154' title='bbox 1197 1352 1375 1395; x_wconf 73' lang='lat' dir='ltr'>brachium,</span> 
     </span>
     <span class='ocr_line' id='line_1_24' title="bbox 207 1390 1325 1439; baseline 0.01 -16"><span class='ocrx_word' id='word_1_155' title='bbox 207 1390 354 1423; x_wconf 84' lang='lat' dir='ltr'>Serviam</span> <span class='ocrx_word' id='word_1_156' title='bbox 379 1395 416 1423; x_wconf 88' lang='lat' dir='ltr'>ut</span> <span class='ocrx_word' id='word_1_157' title='bbox 442 1392 617 1425; x_wconf 87' lang='lat' dir='ltr'>christiano</span> <span class='ocrx_word' id='word_1_158' title='bbox 901 1396 947 1428; x_wconf 86' lang='lat' dir='ltr'>Et</span> <span class='ocrx_word' id='word_1_159' title='bbox 970 1400 1062 1430; x_wconf 88' lang='lat' dir='ltr'>tuere</span> <span class='ocrx_word' id='word_1_160' title='bbox 1087 1408 1148 1439; x_wconf 92' lang='lat' dir='ltr'>me,</span> <span class='ocrx_word' id='word_1_161' title='bbox 1175 1409 1216 1432; x_wconf 86' lang='lat' dir='ltr'>ne</span> <span class='ocrx_word' id='word_1_162' title='bbox 1240 1400 1325 1434; x_wconf 84' lang='lat' dir='ltr'>forte</span> 
     </span>
     <span class='ocr_line' id='line_1_25' title="bbox 254 1438 1316 1481; baseline 0.01 -11"><span class='ocrx_word' id='word_1_163' title='bbox 254 1438 349 1471; x_wconf 83' lang='lat' dir='ltr'>More</span> <span class='ocrx_word' id='word_1_164' title='bbox 374 1441 440 1480; x_wconf 83' lang='lat' dir='ltr'>regi</span> <span class='ocrx_word' id='word_1_165' title='bbox 468 1441 600 1480; x_wconf 79' lang='lat' dir='ltr'>gloriae.</span> <span class='ocrx_word' id='word_1_166' title='bbox 950 1445 1078 1479; x_wconf 89' lang='lat' dir='ltr'>Tradar</span> <span class='ocrx_word' id='word_1_167' title='bbox 1104 1449 1144 1480; x_wconf 89' lang='lat' dir='ltr'>ad</span> <span class='ocrx_word' id='word_1_168' title='bbox 1173 1449 1316 1481; x_wconf 89' lang='lat' dir='ltr'>exitium.</span> 
     </span>
    </p>
   </div>
   <div class='ocr_carea' id='block_1_6' title="bbox 538 1518 1065 1892">
    <p class='ocr_par' dir='ltr' id='par_1_6' title="bbox 538 1518 987 1562">
     <span class='ocr_line' id='line_1_26' title="bbox 538 1518 987 1562; baseline 0.011 -13"><span class='ocrx_word' id='word_1_169' title='bbox 538 1521 570 1553; x_wconf 88' lang='grc'>5,</span> <span class='ocrx_word' id='word_1_170' title='bbox 598 1518 678 1562; x_wconf 90' lang='lat' dir='ltr'>Ave,</span> <span class='ocrx_word' id='word_1_171' title='bbox 708 1519 805 1559; x_wconf 86' lang='lat' dir='ltr'>digne</span> <span class='ocrx_word' id='word_1_172' title='bbox 829 1520 987 1554; x_wconf 86' lang='lat' dir='ltr'>laurearis</span> 
     </span>
    </p>

    <p class='ocr_par' dir='ltr' id='par_1_7' title="bbox 642 1567 1001 1610">
     <span class='ocr_line' id='line_1_27' title="bbox 642 1567 1001 1610; baseline 0.011 -12"><span class='ocrx_word' id='word_1_173' title='bbox 642 1567 702 1607; x_wconf 79' lang='lat' dir='ltr'>Qui</span> <span class='ocrx_word' id='word_1_174' title='bbox 730 1576 843 1600; x_wconf 88' lang='lat' dir='ltr'>cruore</span> <span class='ocrx_word' id='word_1_175' title='bbox 867 1571 1001 1610; x_wconf 82' lang='lat' dir='ltr'>proprio</span> 
     </span>
    </p>

    <p class='ocr_par' dir='ltr' id='par_1_8' title="bbox 593 1614 1028 1706">
     <span class='ocr_line' id='line_1_28' title="bbox 593 1614 1028 1651; baseline 0.011 -5"><span class='ocrx_word' id='word_1_176' title='bbox 593 1614 639 1646; x_wconf 87' lang='lat' dir='ltr'>Et</span> <span class='ocrx_word' id='word_1_177' title='bbox 665 1615 723 1647; x_wconf 83' lang='lat' dir='ltr'>tibi</span> <span class='ocrx_word' id='word_1_178' title='bbox 748 1616 848 1648; x_wconf 86' lang='lat' dir='ltr'>vitam</span> <span class='ocrx_word' id='word_1_179' title='bbox 873 1619 1028 1651; x_wconf 86' lang='lat' dir='ltr'>mercaris</span> 
     </span>
     <span class='ocr_line' id='line_1_29' title="bbox 641 1664 990 1706; baseline 0.009 -11"><span class='ocrx_word' id='word_1_180' title='bbox 641 1664 846 1696; x_wconf 85' lang='lat' dir='ltr'>Percussoris</span> <span class='ocrx_word' id='word_1_181' title='bbox 871 1666 990 1706; x_wconf 86' lang='lat' dir='ltr'>gladio,</span> 
     </span>
    </p>

    <p class='ocr_par' dir='ltr' id='par_1_9' title="bbox 592 1709 1064 1806">
     <span class='ocr_line' id='line_1_30' title="bbox 592 1709 1064 1747; baseline 0.008 -4"><span class='ocrx_word' id='word_1_182' title='bbox 592 1712 624 1743; x_wconf 83' lang='lat' dir='ltr'><strong>A</strong></span> <span class='ocrx_word' id='word_1_183' title='bbox 649 1709 786 1744; x_wconf 88' lang='lat' dir='ltr'>flammis</span> <span class='ocrx_word' id='word_1_184' title='bbox 814 1713 920 1746; x_wconf 86' lang='lat' dir='ltr'>solvas</span> <span class='ocrx_word' id='word_1_185' title='bbox 946 1716 1064 1747; x_wconf 86' lang='lat' dir='ltr'>amaris</span> 
     </span>
     <span class='ocr_line' id='line_1_31' title="bbox 639 1759 969 1806; baseline 0.009 -15"><span class='ocrx_word' id='word_1_186' title='bbox 639 1759 708 1792; x_wconf 90' lang='lat' dir='ltr'>Tuo</span> <span class='ocrx_word' id='word_1_187' title='bbox 734 1769 786 1792; x_wconf 90' lang='lat' dir='ltr'>me</span> <span class='ocrx_word' id='word_1_188' title='bbox 810 1761 969 1806; x_wconf 87' lang='lat' dir='ltr'>subsidio,</span> 
     </span>
    </p>

    <p class='ocr_par' dir='ltr' id='par_1_10' title="bbox 592 1807 1065 1892">
     <span class='ocr_line' id='line_1_32' title="bbox 592 1807 1065 1844; baseline 0.008 -4"><span class='ocrx_word' id='word_1_189' title='bbox 592 1807 638 1840; x_wconf 91' lang='lat' dir='ltr'>Ut</span> <span class='ocrx_word' id='word_1_190' title='bbox 663 1808 768 1841; x_wconf 86' lang='lat' dir='ltr'>vivam</span> <span class='ocrx_word' id='word_1_191' title='bbox 795 1818 866 1841; x_wconf 89' lang='lat' dir='ltr'>cum</span> <span class='ocrx_word' id='word_1_192' title='bbox 892 1810 954 1842; x_wconf 90' lang='lat' dir='ltr'>Dei</span> <span class='ocrx_word' id='word_1_193' title='bbox 981 1812 1065 1844; x_wconf 76' lang='lat' dir='ltr'>caris</span> 
     </span>
     <span class='ocr_line' id='line_1_33' title="bbox 640 1856 953 1892; baseline 0.013 -4"><span class='ocrx_word' id='word_1_194' title='bbox 640 1856 678 1889; x_wconf 84' lang='lat' dir='ltr'>In</span> <span class='ocrx_word' id='word_1_195' title='bbox 706 1857 837 1889; x_wconf 88' lang='lat' dir='ltr'>caelesti</span> <span class='ocrx_word' id='word_1_196' title='bbox 862 1859 953 1892; x_wconf 85' lang='lat' dir='ltr'>solio.</span> 
     </span>
    </p>
   </div>
   <div class='ocr_carea' id='block_1_7' title="bbox 201 1922 861 1966">
    <p class='ocr_par' dir='ltr' id='par_1_11' title="bbox 201 1922 861 1966">
     <span class='ocr_line' id='line_1_34' title="bbox 201 1922 861 1966; baseline 0.011 -16"><span class='ocrx_word' id='word_1_197' title='bbox 201 1922 228 1950; x_wconf 82' lang='lat' dir='ltr'>A</span> <span class='ocrx_word' id='word_1_198' title='bbox 249 1923 300 1953; x_wconf 86' lang='lat' dir='ltr'>fol.</span> <span class='ocrx_word' id='word_1_199' title='bbox 322 1922 391 1952; x_wconf 77' lang='lat'>792..</span> <span class='ocrx_word' id='word_1_200' title='bbox 414 1940 453 1944; x_wconf 91' lang='lat'>—</span> <span class='ocrx_word' id='word_1_201' title='bbox 475 1924 533 1955; x_wconf 79' lang='lat' dir='ltr'>cfr.</span> <span class='ocrx_word' id='word_1_202' title='bbox 554 1927 640 1955; x_wconf 87' lang='lat' dir='ltr'>Anal.</span> <span class='ocrx_word' id='word_1_203' title='bbox 661 1928 716 1962; x_wconf 82' lang='lat'>111,</span> <span class='ocrx_word' id='word_1_204' title='bbox 741 1926 796 1956; x_wconf 83' lang='lat'>184</span> <span class='ocrx_word' id='word_1_205' title='bbox 817 1938 861 1966; x_wconf 86' lang='lat' dir='ltr'>sq.</span> 
     </span>
    </p>
   </div>
   <div class='ocr_carea' id='block_1_8' title="bbox 583 2020 993 2056">
    <p class='ocr_par' dir='ltr' id='par_1_12' title="bbox 583 2020 993 2056">
     <span class='ocr_line' id='line_1_35' title="bbox 583 2020 993 2056; baseline 0.015 -6"><span class='ocrx_word' id='word_1_206' title='bbox 583 2020 627 2051; x_wconf 87' lang='lat'>67.</span> <span class='ocrx_word' id='word_1_207' title='bbox 668 2021 712 2052; x_wconf 88' lang='lat' dir='ltr'>De</span> <span class='ocrx_word' id='word_1_208' title='bbox 733 2023 842 2054; x_wconf 85' lang='lat' dir='ltr'>sancto</span> <span class='ocrx_word' id='word_1_209' title='bbox 863 2023 993 2056; x_wconf 78' lang='lat' dir='ltr'>Mathia.</span> 
     </span>
    </p>
   </div>
   <div class='ocr_carea' id='block_1_9' title="bbox 135 2090 1319 2476">
    <p class='ocr_par' dir='ltr' id='par_1_13' title="bbox 135 2090 1319 2476">
     <span class='ocr_line' id='line_1_36' title="bbox 135 2090 1245 2139; baseline 0.011 -19"><span class='ocrx_word' id='word_1_210' title='bbox 135 2090 167 2124; x_wconf 84' lang='lat'>1.</span> <span class='ocrx_word' id='word_1_211' title='bbox 194 2090 276 2131; x_wconf 91' lang='lat' dir='ltr'>Ave,</span> <span class='ocrx_word' id='word_1_212' title='bbox 304 2090 416 2130; x_wconf 83' lang='lat' dir='ltr'>stirpis</span> <span class='ocrx_word' id='word_1_213' title='bbox 439 2091 558 2124; x_wconf 84' lang='lat' dir='ltr'>nobilis</span> <span class='ocrx_word' id='word_1_214' title='bbox 833 2097 867 2128; x_wconf 83' lang='lat'>2.</span> <span class='ocrx_word' id='word_1_215' title='bbox 893 2096 974 2139; x_wconf 84' lang='lat' dir='ltr'>Ave,</span> <span class='ocrx_word' id='word_1_216' title='bbox 1002 2106 1095 2130; x_wconf 84' lang='lat' dir='ltr'>sacra</span> <span class='ocrx_word' id='word_1_217' title='bbox 1121 2100 1245 2133; x_wconf 89' lang='lat' dir='ltr'>semina</span> 
     </span>
     <span class='ocr_line' id='line_1_37' title="bbox 243 2138 1319 2193; baseline 0.011 -23"><span class='ocrx_word' id='word_1_218' title='bbox 243 2138 269 2171; x_wconf 93' lang='grc' dir='ltr'>Ο</span> <span class='ocrx_word' id='word_1_219' title='bbox 295 2141 408 2171; x_wconf 86' lang='lat' dir='ltr'>sancte</span> <span class='ocrx_word' id='word_1_220' title='bbox 433 2139 571 2183; x_wconf 87' lang='lat' dir='ltr'>Mathia,</span> <span class='ocrx_word' id='word_1_221' title='bbox 940 2140 1103 2186; x_wconf 79' lang='lat' dir='ltr'>spargens</span> <span class='ocrx_word' id='word_1_222' title='bbox 1128 2148 1161 2179; x_wconf 89' lang='lat' dir='ltr'>in</span> <span class='ocrx_word' id='word_1_223' title='bbox 1187 2149 1319 2193; x_wconf 84' lang='lat' dir='ltr'>Iudaea,</span> 
     </span>
     <span class='ocr_line' id='line_1_38' title="bbox 192 2187 1246 2234; baseline 0.009 -15"><span class='ocrx_word' id='word_1_224' title='bbox 192 2187 258 2219; x_wconf 89' lang='lat' dir='ltr'>Pro</span> <span class='ocrx_word' id='word_1_225' title='bbox 284 2187 367 2220; x_wconf 88' lang='lat' dir='ltr'>Iuda</span> <span class='ocrx_word' id='word_1_226' title='bbox 392 2188 567 2221; x_wconf 84' lang='lat' dir='ltr'>laudabilis</span> <span class='ocrx_word' id='word_1_227' title='bbox 893 2191 1034 2234; x_wconf 84' lang='lat' dir='ltr'>Deterge</span> <span class='ocrx_word' id='word_1_228' title='bbox 1056 2197 1246 2234; x_wconf 84' lang='lat' dir='ltr'>peccamina</span> 
     </span>
     <span class='ocr_line' id='line_1_39' title="bbox 235 2235 1276 2287; baseline 0.01 -20"><span class='ocrx_word' id='word_1_229' title='bbox 235 2235 347 2276; x_wconf 86' lang='lat' dir='ltr'>Surgis</span> <span class='ocrx_word' id='word_1_230' title='bbox 373 2238 462 2268; x_wconf 85' lang='lat' dir='ltr'>sorte</span> <span class='ocrx_word' id='word_1_231' title='bbox 485 2237 551 2277; x_wconf 85' lang='lat' dir='ltr'>pia,</span> <span class='ocrx_word' id='word_1_232' title='bbox 938 2241 1038 2281; x_wconf 91' lang='lat' dir='ltr'>Apud</span> <span class='ocrx_word' id='word_1_233' title='bbox 1065 2243 1169 2276; x_wconf 91' lang='lat' dir='ltr'>Deum</span> <span class='ocrx_word' id='word_1_234' title='bbox 1195 2254 1276 2287; x_wconf 87' lang='lat' dir='ltr'>mea,</span> 
     </span>
     <span class='ocr_line' id='line_1_40' title="bbox 191 2285 1266 2332; baseline 0.008 -16"><span class='ocrx_word' id='word_1_235' title='bbox 191 2285 294 2317; x_wconf 88' lang='lat' dir='ltr'>Prece</span> <span class='ocrx_word' id='word_1_236' title='bbox 321 2285 373 2327; x_wconf 85' lang='lat' dir='ltr'>da,</span> <span class='ocrx_word' id='word_1_237' title='bbox 400 2293 437 2317; x_wconf 80' lang='lat' dir='ltr'>ut</span> <span class='ocrx_word' id='word_1_238' title='bbox 460 2285 588 2318; x_wconf 90' lang='lat' dir='ltr'>stabilis</span> <span class='ocrx_word' id='word_1_239' title='bbox 889 2289 1031 2329; x_wconf 85' lang='lat' dir='ltr'>Fugiant</span> <span class='ocrx_word' id='word_1_240' title='bbox 1055 2293 1266 2332; x_wconf 89' lang='lat' dir='ltr'>temptamina</span> 
     </span>
     <span class='ocr_line' id='line_1_41' title="bbox 239 2333 1317 2384; baseline 0.009 -19"><span class='ocrx_word' id='word_1_241' title='bbox 239 2333 305 2365; x_wconf 86' lang='lat' dir='ltr'>Sim</span> <span class='ocrx_word' id='word_1_242' title='bbox 331 2333 365 2366; x_wconf 88' lang='lat' dir='ltr'>in</span> <span class='ocrx_word' id='word_1_243' title='bbox 391 2333 478 2366; x_wconf 88' lang='lat' dir='ltr'>vitae</span> <span class='ocrx_word' id='word_1_244' title='bbox 504 2334 566 2378; x_wconf 91' lang='lat' dir='ltr'>via,</span> <span class='ocrx_word' id='word_1_245' title='bbox 938 2337 1001 2370; x_wconf 88' lang='lat' dir='ltr'>Per</span> <span class='ocrx_word' id='word_1_246' title='bbox 1027 2338 1148 2372; x_wconf 87' lang='lat' dir='ltr'>Christi</span> <span class='ocrx_word' id='word_1_247' title='bbox 1172 2344 1317 2384; x_wconf 88' lang='lat' dir='ltr'>tropaea,</span> 
     </span>
     <span class='ocr_line' id='line_1_42' title="bbox 188 2381 1319 2424; baseline 0.01 -11"><span class='ocrx_word' id='word_1_248' title='bbox 188 2381 233 2414; x_wconf 87' lang='lat' dir='ltr'>Et</span> <span class='ocrx_word' id='word_1_249' title='bbox 257 2381 336 2413; x_wconf 90' lang='lat' dir='ltr'>mihi</span> <span class='ocrx_word' id='word_1_250' title='bbox 362 2382 536 2422; x_wconf 86' lang='lat' dir='ltr'>placabilis</span> <span class='ocrx_word' id='word_1_251' title='bbox 888 2385 965 2418; x_wconf 88' lang='lat' dir='ltr'>Mea</span> <span class='ocrx_word' id='word_1_252' title='bbox 989 2395 1079 2419; x_wconf 90' lang='lat' dir='ltr'>mens</span> <span class='ocrx_word' id='word_1_253' title='bbox 1105 2389 1148 2421; x_wconf 87' lang='lat' dir='ltr'>ad</span> <span class='ocrx_word' id='word_1_254' title='bbox 1176 2391 1319 2424; x_wconf 88' lang='lat' dir='ltr'>carmina</span> 
     </span>
     <span class='ocr_line' id='line_1_43' title="bbox 241 2429 1230 2476; baseline 0.01 -15"><span class='ocrx_word' id='word_1_255' title='bbox 241 2429 324 2462; x_wconf 81' lang='lat' dir='ltr'>Vera</span> <span class='ocrx_word' id='word_1_256' title='bbox 349 2430 393 2462; x_wconf 90' lang='lat' dir='ltr'>sit</span> <span class='ocrx_word' id='word_1_257' title='bbox 417 2431 542 2471; x_wconf 82' lang='lat' dir='ltr'>sophia.</span> <span class='ocrx_word' id='word_1_258' title='bbox 937 2433 1055 2476; x_wconf 84' lang='lat' dir='ltr'>Surgat</span> <span class='ocrx_word' id='word_1_259' title='bbox 1078 2436 1230 2472; x_wconf 89' lang='lat' dir='ltr'>iubilaea.</span> 
     </span>
    </p>
   </div>
   <div class='ocr_carea' id='block_1_10' title="bbox 171 2489 1278 2525">
    <p class='ocr_par' dir='ltr' id='par_1_14' title="bbox 171 2489 1278 2525">
     <span class='ocr_line' id='line_1_44' title="bbox 171 2489 1278 2525; baseline 0.005 -13"><span class='ocrx_word' id='word_1_260' title='bbox 171 2490 215 2513; x_wconf 81' lang='lat' dir='ltr'>Dr</span> <span class='ocrx_word' id='word_1_261' title='bbox 223 2495 315 2518; x_wconf 82' lang='lat' dir='ltr'>eves,</span> <span class='ocrx_word' id='word_1_262' title='bbox 334 2489 500 2514; x_wconf 70' lang='lat' dir='ltr'>christanus</span> <span class='ocrx_word' id='word_1_263' title='bbox 517 2490 751 2521; x_wconf 72' lang='lat' dir='ltr'>campolfliensis.</span> <span class='ocrx_word' id='word_1_264' title='bbox 1242 2494 1278 2525; x_wconf 86' lang='lat'>10</span> 
     </span>
    </p>
   </div>
  </div>
 </body>
</html>
