1651 2700
706 169 732 173 —
802 150 868 185 130
920 171 958 174 -

188 248 220 280 3.
246 246 327 285 Ave,
354 255 435 287 quae
459 246 610 279 saturitas
877 249 909 281 4.
935 248 1016 289 Ave,
1045 248 1139 279 dulce
1164 247 1330 287 speculum

293 294 357 326 Dei
383 303 415 325 es
441 297 562 334 vocata,
979 295 1106 327 Morum
1131 296 1345 337 honestorum,

247 342 285 374 In
310 345 343 373 te
367 342 453 373 lucet
476 342 600 382 puritas
936 342 1054 375 Christi
1076 342 1326 382 tabernaculum,

294 390 395 432 Vitae,
423 398 441 421 o
470 389 574 430 beata,
982 390 1089 422 Mater
1115 400 1296 433 egenorum,

247 436 366 478 Fugiat
393 446 444 468 me
468 437 592 469 vanitas
940 438 1014 476 Ora,
1042 447 1081 470 ne
1106 438 1321 478 prostibulum

294 485 367 516 Tua
392 493 488 525 prece
512 488 613 525 grata,
986 485 1052 517 Sim
1076 486 1138 518 iam
1164 486 1323 525 vitiorum,

248 532 310 564 Per
339 535 372 564 te
396 532 475 565 mihi
499 533 652 564 sanctitas
937 532 999 565 Sed
1026 533 1085 564 sim
1111 534 1348 573 receptaculum

297 580 486 612 Praestetur
513 583 634 621 optata.
984 581 1131 613 Omnium
1155 581 1321 613 honorum.

576 658 610 689 5.
635 657 716 698 Ave,
742 665 823 697 quae
850 656 1022 689 virtutibus

680 704 836 736 Florebas
864 707 896 735 et
922 705 1019 744 signis

633 751 772 784 Obvians
796 751 966 791 spiritibus

681 798 809 830 Virtute
834 799 992 842 malignis,

631 846 693 887 Da,
724 846 843 877 sanctis
869 849 905 877 ut
929 846 1070 878 moribus

679 893 821 925 Ardeam
849 897 884 925 ut
907 893 1000 933 ignis,

634 941 711 973 Post,
735 940 815 972 haec
839 941 872 972 in
897 940 1086 972 caelestibus

682 989 800 1028 Iungar
825 988 895 1020 Deo
922 988 1037 1029 dignis.

257 1053 282 1080 A
302 1053 351 1080 fol.
376 1050 443 1080 13a.

625 1145 673 1176 42.
716 1145 757 1176 De
777 1147 885 1176 sancto
907 1146 1045 1177 Erasmo.

191 1226 223 1258 1.
249 1225 329 1267 Ave,
355 1225 548 1256 venerabilis
876 1227 908 1259 3.
935 1227 1006 1257 Ave
1030 1228 1074 1265 tu,
1102 1226 1156 1264 qui
1181 1225 1335 1264 sanguine

295 1272 429 1304 Erasme
455 1272 557 1314 beate,
981 1273 1050 1304 Tuo
1075 1272 1241 1308 laurearis,

251 1319 383 1352 Praesul
408 1320 617 1360 admirabilis,
934 1320 1016 1352 Nam
1042 1329 1100 1359 pro
1128 1320 1250 1352 Christi
1273 1320 1401 1352 nomine

296 1367 423 1407 Martyr
447 1367 611 1408 honorate,
984 1367 1101 1399 Gladio
1126 1368 1289 1408 mactaris,

249 1414 333 1452 Heu,
361 1423 429 1445 cum
455 1415 515 1446 sim
541 1414 721 1454 culpabilis,
935 1416 1056 1447 Fausto
1082 1414 1303 1447 sublevamine

300 1461 426 1493 Scutum
453 1471 512 1501 pro
538 1471 589 1494 rne
616 1462 657 1494 da
682 1465 720 1493 te.
983 1462 1201 1503 Precibusque
1227 1463 1324 1494 claris

249 1509 402 1541 Aemuler
426 1512 458 1540 te
483 1510 609 1541 stabilis
936 1510 1070 1542 illustra
1094 1519 1144 1541 me
1169 1511 1290 1542 lumine

302 1556 403 1589 Cursu
428 1557 515 1589 vitae
540 1560 660 1597 gratae.
983 1557 1055 1596 Dei,
1082 1567 1143 1598 quo
1171 1558 1316 1590 laetaris.

195 1633 228 1664 2.
252 1632 332 1672 Ave,
361 1632 413 1671 qui
438 1632 603 1672 gentilium
877 1636 909 1667 4.
935 1634 1007 1665 Ave
1031 1637 1076 1673 tu,
1103 1634 1156 1673 qui
1182 1632 1325 1674 fungeris

297 1678 474 1713 Confundis
501 1689 642 1712 errorem
983 1681 1111 1713 Meritis
1138 1684 1170 1713 et
1194 1682 1303 1722 signis,

250 1727 469 1760 collaudando
495 1728 634 1759 omnium
937 1729 996 1760 Dei
1021 1729 1121 1761 verba
1146 1730 1253 1770 aperis

297 1775 402 1806 Iesum
425 1775 671 1817 redemptorem,
983 1776 1097 1817 Dignis
1123 1779 1155 1808 et
1172 1777 1324 1819 indignis,

250 1821 344 1853 Meae
368 1822 484 1854 mentis
509 1823 621 1854 vitium
936 1824 1076 1863 Adiuva,
1102 1834 1144 1856 ne
1168 1824 1282 1857 inferis

300 1869 345 1901 Et
369 1869 481 1909 culpae
507 1869 661 1902 foetorem
986 1872 1096 1905 Socier
1121 1873 1280 1913 malignis,

252 1916 352 1948 Tuum
377 1925 436 1956 per
458 1916 642 1957 suffragium
938 1919 1002 1951 Sed
1029 1920 1193 1952 convivam
1220 1920 1346 1960 superis

296 1964 388 2004 Fuga
414 1968 446 1995 et
470 1963 623 1997 favorem.
989 1967 1025 1998 In
1053 1967 1141 1999 caelo
1166 1968 1323 2009 benignis,

581 2041 612 2073 5.
640 2041 721 2080 Ave,
749 2046 803 2081 qui
828 2041 986 2073 sideream

685 2089 792 2121 Intras
817 2089 977 2128 regionem

638 2136 768 2176 Augens
794 2136 860 2175 poli
885 2145 1014 2168 auream

688 2183 983 2226 Congregationem‚

636 2231 782 2264 Evadam
808 2234 992 2273 tartaream,

685 2279 764 2319 Fac,
790 2281 827 2310 ut
849 2280 1029 2319 passionem

637 2327 680 2359 Et
706 2330 810 2359 tecum
835 2327 1018 2359 aetheream

684 2376 804 2408 Intrem
831 2375 1035 2408 mansionem.

254 2438 281 2465 A
301 2438 350 2465 fol.
373 2437 444 2468 Hb.
