1651 2700
379 206 425 234 Ad
445 207 570 235 Nonam.

158 262 199 296 A.
235 264 301 296 Iste
326 265 399 305 quia
423 263 530 298 floruit

280 312 318 344 In
344 312 445 354 bonis,
471 314 513 346 ad
538 322 654 347 nonum

230 359 402 393 sublimari
429 363 545 394 meruit,

277 408 473 449 Angelorum
498 410 655 444 thronum.

289 503 336 536 In
364 505 394 536 2.
422 505 640 545 vesperis.

369 569 566 606 Antiphonae.

170 625 200 657 1.
230 625 350 659 Sedeat
374 628 427 659 hie
452 628 598 669 pontifex

274 674 318 707 Ut
343 675 386 707 ad
411 676 554 708 dextram
580 676 653 720 Dei,

225 721 334 753 Omnis
360 722 434 754 boni
460 724 588 765 artifex,

273 768 361 801 Deus
389 770 478 802 dedit
504 772 543 803 ei.

172 834 203 865 2.
231 835 353 874 Populo
381 836 538 869 dominico

270 882 400 915 Domini
426 884 574 916 virtutem

227 929 335 962 Verbo
361 932 543 971 evangelieo

270 977 389 1009 Pandit
413 979 454 1010 ad
479 980 623 1015 salutem.

164 1044 196 1077 3.
223 1043 340 1075 Beatus
366 1043 418 1075 hic
442 1046 559 1078 meruit

270 1090 495 1124 Dominantem
522 1095 611 1134 caeli,

223 1155 248 1182 Β
268 1155 318 1183 fol.
342 1155 395 1184 166
417 1166 434 1185 a
454 1167 497 1194 sq.

790 115 931 151 88ψ

921 213 1017 247 Cuius
1042 215 1136 248 iussis
1161 216 1271 256 paruit

967 262 1072 302 Opere
1097 262 1195 296 fideli.

860 329 891 361 4.
918 329 1063 362 Hostiam
1089 330 1249 363 sacrificat

965 377 1139 411 Udalricus
1163 378 1279 417 laudis,

916 424 1015 464 Quem
1041 424 1114 457 faex
1138 435 1201 458 non
1227 425 1360 459 vilificat

963 472 1135 505 Sataninae
1160 472 1294 509 fraudis,

856 537 887 572 5.
914 538 1119 571 Sacerdotem
1144 540 1251 573 induit

963 586 1062 618 Istum
1088 588 1221 620 salutari

917 632 1015 674 Deus,
1035 635 1089 674 qui
1113 644 1169 667 nos
1194 635 1295 668 voluit

962 682 1025 713 Per
1051 682 1135 714 hune
1159 684 1346 724 exemplari.

1028 757 1075 784 Ad
1093 758 1274 794 Magnifieat.

838 813 879 848 A.
916 814 940 847 Ο
969 815 1064 847 decus
1092 816 1255 857 ecelesiae,

908 861 933 894 O
959 865 1070 903 pastor
1097 864 1233 907 egregie,

957 910 982 942 O
1008 909 1070 942 Dei
1095 911 1205 951 amice,

956 957 1051 989 Felix
1077 958 1240 1001 Udalrioe‚

912 1004 1035 1036 Cuncta
1058 1006 1164 1038 cordis
1189 1006 1289 1047 impia

907 1051 1018 1084 Nostri
1043 1055 1099 1084 tua
1123 1054 1218 1095 expia

955 1099 1056 1131 Prece
1081 1100 1294 1134 subventrice.
