1651 2700
722 158 888 194 —261
941 180 985 184 —

204 244 258 277 11.
287 244 374 278 Deus
401 248 510 291 iudeX,
537 253 638 293 actor,
666 254 758 285 testis
897 258 950 290 12.
978 258 1051 291 Non
1077 259 1179 291 intres
1203 260 1237 292 in
1262 260 1419 295 iudicium

285 293 350 325 Hic
374 296 438 328 erit
461 296 496 328 in
522 296 640 342 officio,
979 306 1057 339 Cum
1087 308 1191 341 servis
1217 309 1280 340 tuis
1307 308 1448 352 famuliS,

285 341 418 376 Cunctis
445 344 508 376 erit
532 354 648 386 magna
673 349 775 388 pestis
977 354 1122 387 iucunda
1147 357 1181 387 tu
1206 355 1357 401 officium,

285 391 323 422 In
350 392 462 424 ultimo
487 392 619 436 iudicio,
977 401 1112 434 Dimitte
1137 403 1230 436 nobis
1256 406 1412 447 parvuliS,

283 439 452 472 Reddetur
477 441 560 473 ratio
586 438 759 487 (de)gestis
976 449 1042 481 Per
1069 453 1214 483 sanctum
1244 453 1437 486 sacrificium

285 486 413 519 Virtute
438 496 495 520 seu
518 488 608 524 vitio.
978 496 1044 529 Nos
1070 498 1168 530 simus
1193 499 1279 532 intus
1305 501 1420 536 ianuis.

552 585 602 618 13.
630 586 743 620 Dicet:
771 588 826 629 ite,
854 589 1028 629 benedicti,

630 635 691 667 Hic
721 636 754 668 in
780 636 879 669 vitam
905 647 961 670 vos
989 643 1164 682 aeternam,

625 683 672 715 Et
698 693 753 716 vos
778 685 834 727 ite,
859 686 1035 727 maledicti,

625 730 664 763 In
691 733 815 765 aeterni
839 733 922 774 ignis
949 735 1146 778 gehennam3

626 780 747 812 Contra
772 780 904 813 verbum
930 784 1109 823 supradicti

625 826 698 859 Non
716 828 839 861 volabit
852 830 922 870 quis
936 840 995 870 per
1010 840 1158 872 pennam.

257 886 283 919 1,
308 886 322 915 1
344 888 412 917 His.
433 905 472 909 —
492 889 519 925 7,
541 889 559 918 2
579 892 696 920 Grictas
724 903 878 930 quaerens.
901 911 936 915 -
958 895 984 930 9,
1006 897 1023 925 5
1044 898 1205 927 descernet.
1225 915 1265 920 —-
1288 900 1331 935 10,
1352 901 1369 930 5
1390 903 1445 930 his.
1466 919 1505 924 -—

180 922 225 959 13,
248 925 262 953 1
286 926 346 954 Hic
366 927 454 955 dicet.
476 943 512 948 —
537 927 580 964 13,
602 928 620 957 2
640 931 701 959 Hic
720 932 804 960 fehlt.

393 1019 458 1052 122.
499 1021 653 1063 Hymnus,
676 1025 712 1055 ut
735 1024 804 1065 quis
826 1033 860 1057 se
880 1030 1051 1068 praeparet
1072 1031 1145 1061 ante
1165 1032 1297 1071 tempus.

188 1108 221 1143 1.
247 1109 294 1141 Te
319 1113 396 1142 ante
420 1114 547 1151 tempus
577 1122 748 1153 praepara,
891 1118 922 1150 3.
950 1117 1175 1159 Unusquisque
1199 1129 1233 1152 sc
1261 1122 1420 1165 disponat,

246 1156 350 1189 Nimis
378 1167 455 1191 cave
480 1163 665 1200 noxeantes,
947 1164 1052 1197 Homo
1077 1171 1168 1206 gerat
1193 1177 1228 1200 se
1253 1170 1442 1211 prudenter,

244 1204 275 1236 A
302 1204 389 1237 vitiis
417 1209 450 1238 te
476 1216 594 1247 separa
947 1211 1076 1245 Certum
1102 1223 1207 1247 casum
1234 1216 1286 1248 hic
1310 1222 1482 1261 proponat,

245 1252 295 1284 Tu
320 1254 505 1294 relinquens
530 1256 631 1288 malas
657 1259 755 1298 artes,
948 1260 1041 1293 Omni
1068 1262 1121 1294 die
1142 1272 1229 1296 mors
1255 1265 1404 1309 latenter,

245 1300 292 1332 Te
319 1302 509 1344 corrigeque
536 1304 682 1344 verbera,
944 1308 1009 1340 Hic
1034 1309 1271 1355 sarcinas[que]
1301 1317 1471 1353 componat

244 1349 293 1380 Tu
320 1350 480 1383 caelestes
507 1352 583 1384 vide
608 1357 730 1393 partos.
944 1356 989 1388 Et
1012 1359 1145 1390 recedat
1168 1360 1347 1399 pacienter.

185 1446 217 1478 2.
247 1445 374 1489 Nescis,
402 1448 530 1487 quando
556 1458 740 1483 recessurus
883 1453 915 1485 4.
944 1452 1015 1485 Non
1042 1454 1197 1487 habemus
1224 1458 1387 1489 civitatem

243 1493 293 1525 Tu
319 1494 387 1526 dies
412 1496 525 1528 mortis
551 1496 655 1540 finies,
941 1501 1005 1533 Hic
1022 1511 1080 1535 nos
1097 1502 1223 1536 firmam
1241 1506 1291 1537 vel
1311 1511 1504 1551 manentem,

239 1541 302 1573 Hic
326 1551 389 1575 non
416 1552 449 1575 es
475 1540 541 1589 [tu]
560 1554 802 1589 permansurus,
940 1550 1163 1583 Ascendamus
1188 1554 1369 1597 veritatem,

240 1589 304 1622 Sed
332 1590 395 1623 cito
420 1590 515 1624 finem
542 1594 673 1631 senties,
941 1598 1115 1631 Videamus
1141 1609 1234 1640 quem
1260 1605 1437 1646 potentem,

240 1637 291 1670 Sis
318 1635 375 1682 [tu]
402 1640 546 1681 prudens
572 1643 772 1684 provisurus,
941 1646 1149 1680 Dimittamus
1176 1650 1362 1691 vanitatem,

238 1686 285 1718 Te
311 1685 468 1729 fulciaris,
496 1691 629 1724 munies.
939 1695 1167 1735 perquiramus
1194 1706 1261 1729 rem
1287 1699 1460 1734 valentem.

538 1788 572 1818 5.
598 1786 674 1819 Erit
698 1789 778 1821 satis
804 1790 874 1830 quis
901 1791 1025 1836 beatus,

594 1834 629 1867 Si
654 1840 802 1877 repertus
828 1838 1002 1882 virtuosus,

597 1884 675 1917 Cum
702 1895 720 1917 a
745 1886 854 1919 iudice
878 1891 1022 1932 vocatus,

595 1932 655 1972 Qui
682 1937 732 1965 est
756 1944 910 1978 summus,
937 1937 1105 1977 gloriosuS,

595 1980 702 2013 Stabit
723 1982 776 2014 hic
801 1984 844 2016 ad
870 1983 950 2017 felix
975 1986 1072 2027 latus,

588 2029 661 2062 Non
689 2034 738 2063 est
761 2031 814 2064 hic
840 2034 1047 2073 pernitiosus.

529 2130 588 2162 123.
631 2132 769 2172 Hymnus
791 2133 875 2166 alius
897 2144 994 2177 super
1016 2136 1131 2169 eodem.

174 2218 203 2250 1.
230 2219 320 2251 Ante
344 2222 472 2261 tempus
499 2230 717 2267 occurramus,
876 2227 908 2259 2.
933 2226 1012 2267 Nos,
1039 2230 1075 2259 ut
1102 2228 1205 2269 decet,
1233 2229 1414 2273 vigilemus,

228 2267 276 2301 Ut
301 2276 365 2300 non
389 2276 465 2300 casu
491 2270 705 2316 vulneremur,
933 2274 1007 2307 Non
1033 2278 1154 2308 stemus
1179 2277 1212 2309 in
1238 2278 1382 2319 pigritia,

228 2314 298 2348 Deo
324 2319 436 2349 nostro
462 2319 652 2363 serviamus,
930 2324 1000 2356 Deo
1026 2327 1137 2357 nostro
1163 2335 1221 2358 nos
1248 2330 1413 2361 cantemus

228 2363 297 2396 Sibi
322 2374 380 2397 nos
406 2366 620 2412 humiliemur,
928 2372 967 2404 In
994 2372 1104 2405 debita
1130 2374 1265 2418 laetitia,

226 2412 381 2445 Nostrum
407 2413 541 2448 fratrem
571 2417 753 2460 diligamus,
929 2420 996 2453 Nos
1022 2421 1055 2453 in
1083 2422 1203 2454 caelum
1231 2425 1453 2469 ascendemus,

209 2461 271 2494 *Ut
298 2470 336 2494 ex
361 2462 433 2495 istis
459 2473 517 2496 nos
543 2466 717 2500 salvemur.
928 2468 962 2501 Si
989 2479 1097 2503 sumus
1123 2471 1156 2503 in
1182 2473 1352 2506 munditia.
