1651 2700
753 120 1013 155 -256—

297 223 354 255 110.
393 223 437 255 De
458 230 535 255 cura
554 221 604 253 rei
623 221 796 253 familiaris
817 221 963 300 Hymnnts,
987 221 1066 260 quod
1089 221 1225 261 quilibet
1243 230 1276 253 se
1299 224 1466 261 cognoseat

798 272 829 301 et
852 277 932 310 rega
949 293 955 299 .

919 353 950 385 2.
978 351 1038 390 Qui
1063 358 1197 382 noscere
1222 358 1257 381 se
1281 350 1423 390 neglegit

977 398 1023 431 Et
1048 407 1083 430 se
1107 406 1220 438 regere
1244 406 1309 429 non
1335 399 1436 440 curat,

978 447 1016 479 In
1042 455 1158 478 vanum
1183 444 1318 477 fratrem
1345 444 1496 485 corrigit;

979 494 1063 533 Quid
1089 494 1130 525 ad
1158 493 1337 525 docendum
1364 493 1501 533 vigilat?

980 541 1045 574 Sua
1071 542 1217 573 doctrina
1241 541 1374 581 perimit

980 589 1025 621 Et
1049 589 1254 629 semetipsum
1279 589 1412 621 iudicat.

233 353 265 387 1.
292 353 339 384 Te
365 360 536 392 cognoscas
561 354 657 392 atque
681 360 785 393 regas,

291 400 336 432 Et
361 400 424 431 eris
449 409 587 431 summus
613 400 751 441 sapiens,

292 448 341 490 Id,
370 456 457 487 cave,
484 456 525 479 ne
548 450 582 479 tu
608 448 767 490 neglegas,

290 495 373 527 Nam
400 503 485 527 esses
508 498 542 527 tu
566 495 730 536 insipiens

291 542 477 574 Doctrinam
503 542 599 574 fratri
622 543 780 583 porrigas,

293 589 343 621 Tu
367 591 513 630 proximo
537 591 581 622 sis
605 591 755 631 largiens,

575 677 606 708 3.
630 676 757 718 Frater,
784 684 860 716 rege
885 678 918 707 tu
944 675 1122 715 prudenter

630 723 674 754 Et
700 723 832 755 honeste
856 732 984 763 semper
1010 731 1096 763 gere,

629 770 783 802 Audieris
808 773 844 802 tu
867 770 1007 802 libenter

631 817 749 848 Valens
776 820 905 850 cunctos
931 821 966 849 tu
993 819 1119 858 docere,

630 863 724 904 Nam,
751 865 778 895 si
803 866 888 905 geris
912 866 1130 906 neglegenter,

629 910 703 941 Tibi
729 911 811 943 nolit
835 913 905 952 quis
931 921 1056 953 parere.

648 1009 698 1040 lll.
738 1011 783 1042 De
803 1012 873 1043 viro
898 1013 938 1044 ad
956 1022 1097 1045 uxorem.

225 1086 257 1119 1.
285 1086 310 1118 Ο
336 1086 408 1129 viri,
437 1095 494 1118 vos
522 1088 647 1129 diligite

281 1133 347 1165 Iam
373 1142 489 1166 uxores
516 1136 615 1167 corde
641 1140 776 1178 vestras,

915 1096 945 1127 2.
972 1094 1046 1126 Una
1072 1103 1145 1127 caro
1171 1095 1221 1127 vir
1246 1097 1279 1126 et
1303 1103 1396 1135 uxor,

280 1181 366 1219 Ipsis
392 1190 532 1213 amorem
557 1183 686 1215 reddite

279 1227 324 1258 Et
348 1237 412 1260 non
437 1229 508 1260 sitis
534 1238 590 1261 vos
616 1233 802 1273 tempestas,

279 1275 344 1306 Vos
369 1276 492 1308 alienas
518 1275 629 1319 fugite,

279 1322 327 1355 Ut
352 1326 505 1363 sequatur
530 1334 586 1357 vos
613 1326 774 1361 honestas

973 1141 1055 1173 Sunt
1076 1142 1110 1173 in
1134 1152 1232 1174 unum
1254 1143 1289 1174 hi
1315 1142 1487 1183 coniuncti,

972 1189 1062 1220 Inter
1088 1198 1141 1223 eos
1167 1199 1295 1230 semper
1320 1199 1421 1232 amor,

971 1235 1045 1267 Non
1071 1237 1136 1268 sint
1161 1247 1300 1278 unquam
1319 1238 1354 1269 hi
1373 1237 1535 1279 disiuncti,

972 1281 1021 1313 Sit
1046 1283 1122 1314 hinc
1145 1284 1222 1316 inde
1248 1294 1375 1324 semper
1400 1287 1514 1327 honor,

973 1328 1045 1360 Non
1072 1330 1260 1363 discordent
1283 1332 1318 1363 hi
1341 1333 1535 1372 compuncti.

566 1414 599 1447 3.
626 1412 737 1444 Nolite
762 1423 819 1446 vos
844 1414 1035 1447 submittere

622 1460 767 1493 Uxorum
793 1462 1013 1503 regiminibus,

625 1508 760 1541 Debetis
784 1509 873 1550 ipsas
899 1519 1014 1552 regere

623 1556 808 1590 Prudenter
831 1558 866 1590 in
891 1559 1074 1602 luminibus,

623 1605 737 1637 Velitis
763 1606 858 1646 plura
882 1605 1013 1649 fingere,

624 1652 764 1685 Cessetis
790 1663 810 1685 a.
835 1654 1033 1686 criminibus.

622 1753 677 1784 112.
718 1754 762 1785 De
782 1754 936 1787 uxoribus
959 1755 997 1787 ad
1018 1756 1116 1787 viros.

212 1832 245 1865 1.
272 1832 410 1873 Uxores,
437 1833 507 1865 sitis
533 1834 682 1866 subditae

270 1880 469 1912 Reverentes
497 1882 612 1913 vestris
639 1882 728 1922 viris,

270 1927 452 1958 Arbitrium
477 1928 658 1968 relinquite,

273 1974 346 2005 Non
372 1975 415 2005 sit
439 1977 546 2007 vester
571 1984 675 2007 sermo
703 1977 793 2016 diris,

272 2021 511 2061 Humiliterque
536 2023 647 2065 gerite,

273 2068 346 2101 Non
372 2069 507 2101 utamini
532 2079 589 2102 vos
614 2070 719 2104 minis,

212 2165 243 2198 2.
270 2165 347 2206 Vos,
372 2165 534 2206 mulieres,
562 2174 673 2206 regere

270 2211 381 2243 Nolite
407 2213 465 2244 sed
490 2213 655 2255 regamini,

270 2258 381 2290 Nolite
404 2260 491 2292 viros
516 2269 679 2303 spernere,

271 2305 410 2349 Geratis,
438 2311 472 2338 ut
498 2308 657 2350 amemini,

270 2352 387 2384 Velitis
412 2354 530 2386 iustum
554 2359 676 2398 petere,

269 2399 415 2432 Honeste
438 2410 495 2434 vos
519 2403 686 2436 ornemini.

907 1837 938 1869 3.
966 1837 1030 1868 Vos
1055 1837 1238 1877 legalesque
1264 1843 1448 1874 constantes

964 1884 1124 1916 Maneatis
1149 1885 1227 1917 viris
1253 1889 1380 1930 vestris,

965 1931 1088 1962 Horum
1114 1932 1200 1964 bona
1224 1943 1288 1967 non
1314 1935 1505 1972 fraudantes

967 1979 1031 2009 Vos
1057 1980 1180 2011 amabit
1203 1990 1261 2013 rex
1287 1985 1445 2029 caelestis,

965 2025 1031 2057 Eos
1054 2026 1125 2058 sitis
1150 2037 1207 2060 vos
1231 2035 1389 2074 amantes,

965 2072 1063 2105 Nulla
1087 2075 1179 2107 vobis
1206 2078 1269 2110 erit
1292 2081 1405 2120 pestis.

902 2168 936 2201 4.
963 2167 1013 2199 Sit
1036 2179 1151 2209 purum
1177 2175 1426 2218 matrimonium,

961 2214 1061 2248 Nulla
1084 2218 1143 2250 fiat
1166 2220 1244 2253 inde
1269 2222 1369 2267 frans,

961 2262 1011 2294 Sit
1035 2264 1155 2298 bonum
1184 2269 1411 2316 testimonium,

962 2309 1064 2343 Fama
1088 2312 1174 2346 bona
1199 2324 1256 2347 seu
1279 2317 1362 2362 laus,

961 2357 1035 2389 Non
1060 2361 1171 2393 turbet
1195 2372 1252 2395 vos
1279 2365 1494 2415 daemonium,

961 2404 1032 2437 Sint
1055 2407 1089 2439 in
1114 2409 1205 2441 vobis
1231 2420 1331 2456 amor,
1359 2416 1457 2454 salus.
