1651 2700
688 129 923 165 ...56-

278 247 323 279 In
352 246 384 279 1.
410 246 643 279 Nocturno.

363 360 562 396 Antiphonae.

189 473 196 481 .
222 446 332 479 Novus
357 447 464 479 David
490 447 596 486 impiis

269 494 311 527 Se
335 503 399 526 non
424 493 645 533 conformavit,

221 541 291 573 Nec
315 551 350 574 se
372 542 565 582 pestilentiis

266 590 352 623 Ullis
380 588 583 623 deformavit,

185 720 193 728 .
220 693 325 732 Quare
349 691 489 724 fremunt
512 692 632 732 impiae

268 740 386 773 Contra
409 740 526 771 iustum
553 742 672 779 gentes,

218 788 256 820 In
281 796 351 819 eum
375 787 516 819 malitiae

263 834 385 867 Dentes
411 832 581 866 acuentes?

185 963 192 970 .
222 938 377 971 Dominus
402 937 569 970 mirificum

267 986 417 1018 Sanctum
443 995 532 1017 suum
558 984 646 1025 fecit,

223 1033 285 1065 Per
310 1042 413 1075 quem,
440 1033 523 1073 quod
549 1032 713 1064 tabificum

268 1080 400 1122 Fuerat,
426 1080 549 1112 refecit.

187 1210 194 1217 .
222 1184 318 1216 Scuto
342 1187 407 1224 tuo,
433 1184 578 1222 Domine,

266 1232 375 1263 Bonae
399 1232 571 1263 voluntatis

221 1277 317 1310 Hunc
342 1279 375 1310 in
402 1279 481 1310 caeli
508 1278 644 1310 culmine

269 1326 408 1359 Geminis
433 1335 528 1358 ornas
554 1326 663 1365 gratis

183 1457 191 1464 .
218 1430 331 1464 Omnia
357 1430 415 1462 sub
437 1430 574 1471 pedibus

264 1478 344 1510 Eius
369 1478 543 1514 subiecisti,

222 1525 343 1558 Gratiis
369 1534 460 1565 quem
489 1525 645 1567 dulcibus,

269 1575 353 1608 lesu,
380 1572 586 1612 praevenisti.

184 1702 190 1709 .
217 1677 325 1710 Iustus
351 1678 404 1717 qui
428 1677 583 1709 iustitiam

266 1725 422 1757 Dominus
449 1725 570 1762 dilexit,

217 1772 338 1805 Iustum
364 1772 448 1804 iuste
472 1773 607 1813 patriam

266 1820 320 1852 Ad
344 1821 499 1852 iustorum
524 1820 624 1853 vexit.

355 1953 564 1989 Responsoria.

180 2068 187 2075 .
213 2041 343 2073 Ardens
370 2041 460 2080 quasi
486 2039 593 2072 facula

217 2088 429 2121 Colomannus
454 2088 565 2120 fabula

261 2137 379 2168 Tactus
408 2136 606 2178 Noricorum,

215 2185 413 2225 Explorator
437 2184 597 2225 proditur,

213 2232 394 2265 Tormentis
420 2231 562 2264 afficitur

262 2280 437 2312 Verberum
462 2281 652 2323 multorum3

172 2353 180 2362 .
214 2328 239 2361 O
265 2328 349 2370 Iesu,
377 2337 433 2360 cur
457 2329 506 2361 sol
532 2327 673 2369 fulgidus

211 2377 330 2409 Livore
354 2376 391 2409 fit
415 2381 479 2408 tam
506 2375 648 2409 lividus?

846 227 879 259 2.

904 226 959 259 Ad
984 226 1125 258 tribunal
1149 224 1266 256 iudicis

905 273 1000 306 Stans
1026 273 1132 305 verbis
1158 270 1308 303 veridicis

953 322 1029 355 Sese
1053 320 1214 359 tuebatur,

906 369 1013 401 Verba
1036 367 1147 400 suffert
1170 374 1296 407 aspera,

904 418 1030 450 Poenae
1055 416 1149 455 plura
1173 422 1300 455 genera,

952 464 1022 497 Nec
1046 463 1094 495 sic
1118 461 1323 499 movebatur3

907 512 944 544 In
967 511 1102 544 flammis
1129 509 1281 542 edacibus

949 560 1073 592 Aurum
1100 558 1287 598 deputatur,

906 607 1020 639 Multis
1045 605 1250 646 passionibus

950 654 1079 695 Martyr
1104 654 1158 685 hic
1182 652 1349 693 probatur.

869 774 877 782 .
903 749 1031 790 Flagris
1059 749 1147 781 duris
1174 747 1319 780 caeditur

902 796 947 828 Et
972 797 1058 828 saxis
1085 796 1266 828 concutitur

950 843 1061 875 Dulcis
1086 848 1210 883 martyr
1231 843 1301 884 istc,

903 890 1032 922 Serram
1058 891 1183 922 addunt
1209 889 1362 921 cruribus

904 938 982 970 Cum
1006 938 1175 969 tormentis
1201 937 1351 976 pluribus

950 986 1099 1018 Brutales
1124 985 1280 1023 lanistae3

905 1033 1002 1072 Quem
1028 1036 1104 1073 post
1126 1036 1175 1065 tot
1201 1033 1360 1072 martyria

901 1081 997 1112 Dulci
1023 1090 1094 1113 cum
1119 1081 1244 1112 laetitia

901 1128 1032 1160 Ducunt
1055 1128 1097 1159 ad
1125 1128 1276 1159 caelestia

952 1175 1039 1207 Caeli
1065 1175 1261 1208 citharistae.

901 1270 1078 1302 Pravitatis
1105 1270 1232 1310 milites,

904 1318 1041 1350 Satanae
1065 1318 1232 1358 satellites,

952 1365 1091 1397 Clientes
1116 1365 1239 1397 Averni

901 1413 1102 1452 Appendunt
1126 1414 1167 1445 ad
1193 1413 1338 1453 stipitem

904 1460 1141 1501 Colomannum‚
1167 1460 1303 1493 militem

949 1508 1111 1548 Principis
1136 1508 1278 1550 aeterni3

907 1555 1129 1588 Victimandus
1153 1556 1254 1587 tacuit

950 1603 1079 1644 Martyr
1102 1603 1165 1635 iste
1189 1613 1324 1644 magnus

902 1650 947 1682 Et
973 1660 1007 1682 os
1034 1660 1095 1683 non
1122 1652 1249 1691 aperuit

950 1698 1060 1730 Mutus
1086 1699 1175 1731 velut
1198 1708 1309 1739 agnuS.

962 1832 1006 1864 In
1029 1834 1060 1865 2.
1089 1832 1328 1865 Nocturno.

1047 1927 1196 1963 Antiphon
1201 1935 1245 1955 ae.

868 2029 875 2037 .
903 2003 1115 2035 colomannus
1140 2005 1286 2043 proximo

948 2051 1073 2082 Malum
1097 2052 1219 2084 nullum
1243 2051 1333 2094 fecit,

902 2098 967 2131 Sed
992 2099 1078 2130 laeto
1104 2108 1139 2130 se
1164 2100 1269 2133 animo

949 2146 1102 2179 Omnibus
1127 2147 1274 2183 subiecit.

900 2231 1048 2272 Domine,
1074 2233 1250 2266 laetabitur

948 2280 987 2312 In
1011 2283 1066 2312 tua
1094 2281 1212 2312 virtute

900 2328 1007 2360 Iustus
1034 2331 1066 2360 et
1092 2328 1250 2361 ditabitur

947 2377 1091 2409 Aeterna
1116 2377 1230 2409 salute.
1288 2406 1291 2409 .
