1651 2700
684 119 947 156 —227—

498 227 545 259 65.
585 228 723 269 Hymnus
745 230 783 262 (le
805 230 911 264 anima
932 234 964 264 et
984 232 1110 274 spiritu.

154 326 185 361 1.
212 327 275 359 Est
300 336 319 359 a
343 328 414 360 Deo
441 331 589 361 creatura

208 375 314 409 Facta
339 376 445 409 anima
470 376 503 409 in
530 376 638 418 caelis,

215 422 377 466 Gratiosa,
404 427 526 467 sancta,
553 434 636 465 pura

211 473 353 513 Ipsaque
377 473 567 513 spiritualiS,

210 520 273 552 Est
296 520 331 552 in
358 521 481 553 caelum
506 521 664 562 reditura,

211 568 289 608 Ipsa
314 571 422 601 manet
447 569 651 602 immortalis.

148 664 181 698 2.
209 664 377 707 Sapientia
401 674 465 698 non
490 666 592 698 intrat

209 713 248 745 In
273 712 413 746 animam
437 714 639 753 malevolam,

211 760 276 794 Sed
300 760 485 794 intellectus
510 765 662 803 penetrat

209 810 273 842 Per
298 810 437 842 animam
463 810 664 851 benevolam,

210 858 365 890 Transire
389 868 452 890 non
480 859 645 891 desiderat

211 905 274 938 Per
299 907 436 938 animam
464 907 679 947 maliloquam.

849 333 882 365 3.

848 669 880 701 4.

908 332 978 365 Iam
1003 333 1110 365 anima
1133 334 1161 365 si
1186 336 1355 374 permanet

907 380 1096 421 Mundaque
1120 380 1303 424 purificata,

907 427 1081 461 Scientiam
1106 429 1270 470 suscipiet,

904 475 950 507 Et
975 475 1004 507 si
1029 479 1078 508 est
1102 476 1313 518 sanctificata,

906 523 990 555 Nam
1015 524 1090 564 ipsa
1114 524 1196 556 bene
1221 523 1329 566 faciet,

907 570 941 603 Si
965 571 1141 604 virtutibus
1167 575 1290 605 ornata.

907 667 958 700 Sit
981 668 1121 700 mundus
1147 671 1220 700 tuus
1245 668 1390 710 spiritus,

906 715 971 748 Hic
994 726 1014 749 a
1037 716 1108 749 Deo
1132 716 1319 759 inspiratur,

904 763 989 796 Nam
1014 764 1103 797 venit
1126 764 1198 805 ipse
1227 765 1371 806 caelitus,

905 811 952 845 Ut
976 812 1019 844 ad
1043 812 1148 844 Deum
1172 816 1365 855 revertatur,

903 857 1049 905 Fu[gi]at
1074 863 1209 901 peccata
1232 861 1371 904 penituS,

905 909 954 942 Ut
977 918 996 940 a
1021 907 1091 941 Deo
1118 908 1282 949 diligatur.

497 1006 529 1036 5.
556 1003 610 1036 Ad
633 1003 808 1037 Dominum
834 1013 892 1037 nos
918 1004 1081 1036 nascimur

556 1051 602 1083 Et
625 1052 669 1084 ad
695 1061 765 1084 eum
792 1053 974 1094 redeamus,

556 1100 620 1132 Per
644 1100 821 1134 Dominum
846 1099 1044 1132 salvabimur

556 1147 600 1179 Et
624 1147 658 1179 in
682 1147 754 1188 ipso
781 1148 993 1188 quiescamuS,

556 1194 592 1226 Si
616 1195 658 1227 ad
684 1197 823 1235 peccata
845 1195 997 1236 labimur,

555 1242 622 1275 Nos
648 1252 667 1275 a
692 1243 762 1275 Deo
790 1252 989 1284 separamus,

560 1354 607 1385 66.
647 1354 786 1394 Hymnus
810 1353 894 1386 alius
917 1353 954 1385 de
974 1353 1045 1385 fide.

234 1445 259 1477 Ο
285 1445 378 1488 fides,
405 1447 441 1476 tu
466 1443 661 1488 firmissima,

232 1494 283 1526 Tu
317 1496 420 1525 totum
444 1493 599 1525 mundum
626 1492 771 1536 roboras,

233 1542 258 1575 O
284 1541 379 1582 fides,
404 1544 440 1573 tu
465 1541 635 1582 altissima,

230 1590 316 1622 Nam
340 1593 377 1622 tu
401 1589 548 1622 homines
574 1590 712 1622 exaltas.

175 1638 207 1671 5.
234 1639 259 1672 Ο
285 1637 369 1671 fides
392 1637 603 1680 nobilissima,

234 1686 286 1720 Tu
309 1686 455 1719 homines
479 1686 644 1728 nobilitas,

235 1735 260 1768 Ο
286 1734 370 1768 fides
394 1734 631 1777 potentissima,

232 1783 281 1815 Tu
306 1783 453 1816 homines
477 1782 646 1816 iustificaS.

234 1832 261 1865 Ο
286 1831 380 1875 fides,
408 1835 442 1863 tu
467 1831 644 1872 carissima,

230 1881 281 1913 Tu
306 1883 410 1913 totum
435 1879 547 1913 orbem
570 1879 720 1922 luminas,

233 1930 259 1963 O
284 1928 367 1962 fides
392 1929 635 1969 iucundissima,

232 1978 282 2011 Tu
305 1978 444 2019 populos
469 1976 637 2010 laetificas.

146 1878 202 1914 10.

846 1541 903 1576 15.

846 1783 902 1818 20.

930 1445 955 1478 Ο
979 1443 1072 1485 fides,
1097 1445 1133 1474 tu
1157 1441 1344 1483 iustissima,

928 1493 979 1525 Tu
1003 1501 1061 1524 nos
1087 1491 1130 1523 ad
1156 1490 1280 1522 caelum
1307 1489 1438 1530 dirigas,

931 1541 956 1574 O
980 1539 1074 1578 fides,
1101 1543 1137 1571 tu
1161 1538 1330 1578 latissima,

930 1590 998 1622 Nos
1025 1588 1185 1621 virtuosos
1211 1585 1325 1618 facias.

930 1638 955 1671 Ο
981 1635 1074 1677 fides,
1100 1638 1136 1667 tu
1160 1634 1340 1674 verissima,

928 1686 979 1718 Tu
1003 1684 1141 1725 populos
1168 1681 1325 1724 verificas,

930 1734 956 1768 O
981 1732 1075 1774 fides,
1101 1737 1138 1764 tu
1163 1731 1375 1773 sanctissima,

930 1782 980 1814 Tu
1005 1790 1063 1813 nos
1089 1779 1203 1813 fideles
1228 1781 1392 1820 protegas.

930 1831 955 1864 O
979 1829 1072 1870 fides,
1098 1832 1134 1861 tu
1159 1827 1353 1869 gratissima,

929 1879 980 1912 Tu
1004 1886 1114 1910 omnes
1139 1877 1246 1909 salvos
1269 1874 1383 1918 facias,

929 1928 954 1961 O
980 1926 1064 1959 fides
1088 1924 1337 1968 perfectissima,

928 1975 1107 2009 Nobiscum
1131 1982 1259 2016 semper
1285 1981 1427 2007 maneas,

414 2090 460 2121 67.
500 2089 639 2129 Hymnus
661 2088 700 2120 (le
722 2087 980 2129 contemplativis
1001 2087 1190 2119 virtutibus.

145 2184 176 2218 1.
205 2184 287 2217 Sunt
312 2183 395 2216 fides
420 2190 560 2223 spesque
584 2181 714 2222 caritas,

207 2233 331 2274 Quibus
355 2233 427 2266 Deo
453 2231 721 2271 contemplamur,

203 2284 243 2316 lu
267 2282 349 2324 ipsis
376 2281 490 2322 virtus,
517 2279 682 2322 sanctitas,

204 2332 274 2371 Qua
297 2340 356 2364 nos
378 2329 439 2364 fidi
465 2337 666 2369 coronamur,

204 2380 244 2413 In
271 2380 317 2412 eis
343 2381 463 2419 lumen,
491 2377 633 2410 claritas.

205 2431 274 2470 Qua
300 2431 388 2461 certe
412 2436 472 2460 nos
496 2422 737 2470 salva[bi]mur.

844 2182 877 2215 2.

903 2180 965 2221 Tu,
990 2178 1109 2220 fidelis,
1135 2187 1230 2210 serva
1254 2175 1365 2216 fidem,

900 2228 963 2260 Est
987 2227 1022 2259 in
1046 2226 1116 2259 Deo
1142 2225 1398 2267 fundamentum,

904 2276 1049 2309 Firmam
1074 2275 1180 2307 retine
1203 2277 1249 2317 tu,
1277 2273 1363 2305 idem

905 2324 982 2357 Tibi
1007 2324 1070 2356 erit
1093 2324 1336 2363 nutrimentum,

906 2373 1009 2406 Recte
1034 2372 1185 2413 prospice
1209 2375 1244 2403 tu
1270 2370 1412 2411 quidem,

903 2422 949 2454 Et
973 2422 1007 2453 in
1032 2420 1103 2453 Deo
1128 2419 1377 2454 firmamentum,

1234 2474 1294 2504 15*
