1651 2700
741 134 1003 169 ,258-

570 234 600 266 5.
628 232 691 265 Cur
717 232 850 264 damnas
873 233 962 262 tuam
986 229 1135 267 animam,

629 281 678 314 Ut
701 280 784 311 dites
807 282 880 311 tuos
903 276 1013 310 filios?

629 328 712 367 Qm‘d
737 327 803 359 ruis
826 328 862 359 in
884 324 1052 358 infamiam

627 376 673 408 Et
696 375 777 407 facis
802 374 863 406 fibi
887 372 1054 406 aemulos?

629 424 779 463 Sequaris
803 422 866 455 Dei
889 421 1026 463 gratiam

627 472 671 503 Et
696 480 830 511 quaeras
855 473 891 501 tu
915 469 1113 501 benevolam.

654 573 709 604 115.
748 572 792 603 Dc
812 570 889 602 filiis
911 570 951 601 ad
969 571 1090 610 patres.

233 657 265 689 1.
292 656 340 687 Tu
363 655 451 695 patri
475 654 519 686 sis
544 654 727 690 oboediens,
915 652 945 684 3.
973 649 1174 680 Venerabilis
1196 650 1354 683 senectus,

293 703 383 741 Quod
407 702 467 733 tibi
492 701 578 744 fecit,
605 700 715 736 facias,
971 697 1014 729 Et
1040 703 1089 727 est
1114 696 1143 727 ei
1169 694 1390 734 deferendum,

289 751 327 782 In
353 750 498 781 omnibus
523 750 567 781 sis
592 757 741 780 reverens
973 745 1043 777 Sibi
1067 747 1182 784 pareat
1204 743 1365 775 iuventus,

289 797 335 829 Et
357 797 486 828 humilis
510 796 686 835 subiaceas,
971 793 1016 825 Et
1040 795 1089 823 est
1112 791 1162 823 illi
1187 789 1438 828 concedendum,

290 845 446 877 Retribue
468 844 672 884 compatiens,
974 840 1080 872 Senex
1106 839 1250 871 creditur
1274 839 1437 876 expertus,

287 892 431 924 Habebis
455 901 586 931 magnas
611 891 740 931 gratias,
969 887 1038 919 Dat
1063 887 1241 919 doctrinam
1267 885 1310 917 ad
1332 884 1516 915 vivendum.

233 970 265 1001 2.
293 968 353 1007 Qui
377 968 463 1007 patri
486 967 691 999 maledixerit
913 965 946 997 4.
972 965 1022 996 Tu
1042 973 1152 996 senem
1174 972 1240 994 non
1266 961 1435 1001 despicias

289 1016 358 1047 Aut
379 1018 514 1046 matrem
535 1023 625 1046 suam
648 1014 760 1052 laedit,
974 1012 1039 1044 Sed
1062 1013 1168 1051 ipsum
1193 1020 1275 1047 ama,
1301 1014 1425 1049 patere,

295 1063 371 1095 Cum
397 1063 485 1095 Deus
508 1062 590 1094 illud
615 1061 761 1103 senserit,
973 1060 1093 1092 Beatus
1119 1068 1163 1098 es,
1190 1059 1219 1090 si
1242 1059 1377 1099 relevaS‚

290 1111 345 1142 Ad
368 1110 543 1141 Yindictam
567 1109 621 1140 hic
645 1109 802 1149 procedit,
973 1109 1025 1139 Ac
1046 1108 1153 1147 ipsum
1178 1115 1255 1138 cura
1280 1106 1377 1147 alere,

292 1157 384 1197 Quod
407 1157 471 1188 nisi
494 1166 530 1188 se
555 1156 731 1187 correxerit
973 1155 1024 1186 Tu
1048 1155 1134 1187 circa
1159 1163 1229 1185 eam
1252 1162 1400 1194 peragaS,

292 1205 368 1244 Ipse
392 1204 581 1236 maledictus
607 1204 677 1237 erit.
975 1202 1066 1241 Quod
1091 1202 1191 1233 velles
1215 1210 1275 1241 pro
1298 1204 1331 1232 te
1353 1209 1458 1240 agere.

576 1283 606 1313 5.
632 1280 700 1312 Iam
726 1279 788 1311 fuit
810 1280 883 1319 ipse
906 1280 1030 1311 iuvenis

630 1328 675 1359 Et
700 1327 770 1369 fuit,
798 1327 884 1366 quod
907 1330 943 1358 tu
966 1334 1147 1366 permanes,

633 1375 683 1406 Tu
710 1375 772 1406 eris
797 1383 894 1406 senex
918 1374 1047 1405 humilis

631 1422 675 1454 Et
700 1422 743 1454 ad
765 1426 927 1454 senectam
950 1423 1071 1463 venies,

632 1470 784 1501 Senectus
809 1470 1014 1501 venerabilis.

632 1517 675 1549 Et
700 1517 761 1548 sibi
789 1518 883 1549 detur
906 1518 1043 1557 requies.

628 1618 683 1650 116.
725 1618 765 1649 De
789 1617 920 1649 dominis
942 1619 983 1649 ad
1002 1626 1119 1649 servos.

233 1698 265 1733 1.
292 1700 341 1731 Tu
365 1699 419 1739 qui
443 1703 532 1730 tenes
557 1697 703 1736 famulos,
916 1699 948 1731 2.
974 1697 1141 1729 Laborant
1163 1697 1198 1728 hi
1222 1705 1280 1736 spe
1304 1696 1449 1738 praemii,

294 1747 409 1779 Servos
434 1747 476 1778 ad
500 1746 679 1777 mercedem
705 1745 804 1786 ducis,
974 1745 1065 1784 Quod
1092 1745 1199 1785 debes,
1224 1744 1290 1776 illis
1315 1744 1451 1784 tribuas

291 1795 360 1827 Hos
383 1794 481 1826 indue
506 1796 541 1824 tu
564 1793 731 1834 pannulos,
974 1792 1049 1824 Non
1072 1793 1117 1824 sis
1141 1795 1285 1824 retentor
1309 1793 1418 1832 pretii,

289 1842 422 1882 Redde,
446 1841 530 1882 quod
557 1845 591 1872 tu
616 1840 820 1883 contradicis,
973 1840 1026 1872 Xe
1050 1840 1118 1872 Deo
1143 1843 1180 1872 tu
1205 1840 1389 1882 displiceas,

292 1890 366 1922 Non
390 1888 491 1921 facias
514 1889 574 1920 hos
599 1888 759 1930 querulos,
975 1888 1027 1920 Ne
1049 1887 1130 1920 fiant
1150 1889 1217 1928 ipsi
1241 1888 1337 1929 devii,

293 1937 343 1969 Tu
365 1936 509 1977 placebis
532 1936 602 1968 Deo
624 1936 728 1969 nimis.
975 1936 1066 1967 Nulli
1090 1937 1271 1968 mercedem
1296 1936 1436 1968 auferas,

300 2011 325 2046 1,
347 2011 362 2040 1
385 2012 460 2039 fehlt
479 2013 545 2039 eine
564 2011 646 2039 Silbe
667 2019 715 2037 am
732 2011 835 2038 Versa.

632 2105 686 2135 117.
725 2104 768 2135 De
787 2102 889 2134 servis
912 2103 953 2134 ad
973 2103 1120 2135 dominos.

229 2186 267 2218 1.
294 2186 370 2225 Vos,
397 2185 483 2217 servi
509 2188 604 2225 atque
629 2184 751 2226 famuli,
919 2186 952 2217 2.
977 2185 1012 2217 Si
1036 2186 1191 2218 laboratis
1217 2188 1370 2220 cordibus

291 2234 423 2266 Fideles
445 2233 515 2264 sitis
542 2233 688 2273 dominis,
978 2233 1134 2266 Gerentes
1157 2244 1216 2267 vos
1236 2235 1400 2276 fiducia-m,

293 2281 422 2314 Sei-vire
445 2290 501 2313 vos
528 2281 685 2312 conamini
978 2281 1168 2314 Gaudebitis
1192 2283 1369 2327 laboribus,

292 2330 332 2362 In
355 2328 442 2361 fama
465 2328 541 2360 boni
565 2329 713 2369 nominis,
976 2329 1147 2362 Habebitis
1169 2332 1340 2374 laetitiam,

292 2378 331 2409 In
356 2380 430 2409 actu
453 2377 644 2417 peramabili
978 2377 1152 2411 Placebitis
1175 2389 1233 2412 vos
1256 2381 1415 2423 gentibus,

292 2425 410 2459 Videte
436 2425 520 2456 diem
545 2425 683 2460 luminis,
976 2425 1043 2458 Dat
1065 2426 1155 2459 Deus
1180 2428 1270 2462 vobis
1297 2430 1445 2470 gratiam.
