1651 2700
356 214 403 242 Ad
423 213 549 243 Sextamff

141 270 174 302 4.
209 270 323 303 Dulcis
349 275 397 303 est
421 274 574 306 memoria

212 318 267 350 Illi
293 327 389 359 super
415 322 529 364 omnia,

263 367 322 406 Qui
346 371 480 400 mortem
504 371 672 401 annuntiat

259 413 387 456 Christi,
416 416 517 448 donec
540 418 659 452 veniat.

356 500 403 527 Ad
421 500 547 528 Nonam.

135 555 178 588 A.
213 556 347 596 Sumpto
372 558 466 598 digne
491 560 645 599 sanguine

255 604 384 636 Domini
408 606 553 637 lavamur

203 650 249 682 Et
272 651 312 683 ab
338 652 423 684 omni
449 653 579 684 crimine

253 698 405 731 Prorsurs
431 701 649 735 emundamur.

268 793 314 824 In
345 794 378 826 2.
405 794 619 833 Vesperis.

348 877 547 914 Antiphonae.

146 933 175 966 1.
203 934 227 967 Ο
255 933 333 967 felix
360 937 548 978 convivium,

246 982 331 1022 Iesu,
359 986 391 1014 et
416 985 559 1024 conviva,

203 1029 304 1062 Nobis
331 1030 374 1062 sis
400 1032 551 1074 edulium,

247 1077 305 1117 Qui
333 1086 366 1108 es
391 1079 477 1110 salus
502 1080 584 1111 viva.

142 1144 173 1174 2.
201 1143 318 1175 Panem
344 1144 588 1177 subcinericium

248 1190 423 1223 Comedens
447 1192 538 1224 Elias

773 122 918 157 40—

900 219 981 251 Tale
1005 229 1065 260 per
1090 220 1230 252 edulium

946 267 1025 300 Suas
1052 269 1192 308 complet
1216 269 1296 301 vias.

839 335 871 368 3.
896 334 994 366 Panis
1021 334 1220 367 hordeaceus

943 382 1078 414 Madian
1103 383 1272 422 subvertit,

896 429 975 461 Cum
999 430 1094 470 panis
1121 430 1282 471 virgineus

942 476 983 508 Se
1008 478 1041 509 in
1066 486 1124 509 nos
1151 478 1321 511 convertit.

835 543 867 576 4.
893 543 1037 575 Delicias
1065 544 1123 575 dat
1147 544 1275 584 regibus

940 591 1070 631 Pinguis
1096 592 1180 623 Aser
1204 592 1308 634 panis,

892 637 1046 678 Congruit
1068 638 1131 670 iste
1155 639 1318 671 mentibus

939 685 1075 719 Devotis
1100 695 1164 718 non
1189 688 1290 719 vanis.

1007 789 1054 816 Ad
1074 789 1255 826 Magnificat.

814 865 855 898 A.
889 866 975 905 Iesu,
1002 868 1114 898 nostra
1140 866 1280 899 felicitas

936 912 1065 945 Summa
1092 916 1124 945 et
1147 913 1292 953 fontalis,

887 959 1051 999 Spiritalis
1079 959 1237 1003 festvitas,

928 1007 1051 1039 Iubilus
1076 1009 1237 1049 mentalis,

885 1054 975 1086 Tuae
1002 1056 1107 1087 earnis
1134 1060 1166 1088 et
1190 1057 1354 1097 sanguinis

938 1102 1050 1134 Cibum
1077 1103 1134 1135 das
1161 1104 1325 1146 benignus,

886 1149 934 1182 Ut
958 1150 1000 1181 sit
1024 1150 1233 1184 beatitudinis

931 1197 1070 1230 Nostrae
1095 1202 1217 1231 certum
1241 1200 1368 1240 pignus.

204 1265 225 1291 Β
251 1265 301 1292 fol.
329 1263 384 1293 162
411 1274 429 1293 a
455 1275 497 1303 sq.
518 1282 556 1287 -—-
574 1268 610 1295 In
638 1268 689 1296 der
717 1268 744 1296 2.
763 1271 901 1299 Nokturn
928 1274 970 1300 ist
997 1274 1029 1300 in
1056 1274 1108 1302 der
1126 1275 1182 1302 Hs.
1204 1278 1270 1303 eine
1294 1275 1445 1312 Antiphon

127 1302 319 1338 ausgefallen.
340 1318 379 1322 —
397 1304 441 1331 In
460 1304 571 1333 Laud.
593 1306 640 1334 Ad
660 1308 769 1336 Bened.
789 1307 809 1336 4
828 1309 902 1337 fehlt
920 1311 1072 1339 vielleieht
1091 1314 1157 1340 eine
1176 1313 1268 1341 Silbe.

582 1417 610 1447 2.
650 1417 694 1449 De
714 1420 820 1451 sancto
841 1420 982 1453 Achatio.

256 1493 302 1525 In
338 1494 369 1527 1.
396 1494 505 1535 Vesp
517 1497 613 1530 eris.

335 1570 531 1606 Antiphonae.

134 1636 165 1668 1.
192 1636 300 1669 Hodie
325 1639 460 1670 ecclesia

240 1683 434 1718 Collaudans
461 1696 531 1719 cum
556 1689 673 1728 gaudio

188 1731 289 1764 Dedit
314 1733 423 1765 decem
447 1735 535 1767 milia

238 1779 356 1823 David,
383 1781 444 1812 Dei
469 1781 546 1817 filio.

131 1874 163 1906 2.
189 1873 378 1906 Bethlehem
403 1877 613 1917 propaginem

233 1921 333 1953 Istam
358 1931 543 1963 generosam

188 1967 316 2008 Gemuit,
344 1979 403 2010 per
427 1972 613 2010 sanguinem

233 2016 303 2049 Deo
329 2018 509 2058 gloriosam.

125 2113 157 2145 3.
186 2112 369 2145 Candidant
389 2113 423 2144 in
448 2114 602 2155 sanguine

233 2159 339 2192 stolas
365 2170 438 2193 suas
463 2163 535 2202 agni

183 2207 349 2249 Martyres
373 2210 548 2242 certamine

229 2255 273 2287 Et
299 2258 432 2296 tropaeo
457 2259 574 2299 magni.

121 2353 155 2385 4.
180 2351 354 2384 Labiorum
379 2353 496 2386 vitulos

231 2398 359 2432 Christo
385 2401 579 2443 obtulerunt,

880 1501 1051 1535 Portantes
1077 1506 1256 1545 manipulos

927 1550 1056 1583 Palmas
1077 1557 1281 1593 acceperunt.

804 1624 844 1658 R.
876 1626 1123 1661 Decaehordum
1145 1631 1334 1670 psalterium

874 1674 1057 1714 Martyrum
1084 1677 1194 1710 decem
1217 1679 1340 1712 milium

922 1722 1066 1755 Iubilans
1094 1726 1180 1757 canit
1206 1728 1360 1760 caelicum

922 1770 990 1803 Deo
1014 1771 1049 1804 in
1076 1774 1171 1805 caelis
1198 1776 1369 1812 canticum.

801 1816 839 1851 V.
876 1816 999 1851 Chorus
1024 1821 1086 1852 iste
1111 1822 1213 1861 gloria

920 1867 1061 1907 Fulgens
1088 1874 1121 1900 et
1145 1870 1266 1902 honore

873 1911 959 1945 Fuso
987 1915 1067 1946 caeli
1092 1918 1210 1955 gaudia

919 1960 1072 1993 Possidet
1097 1972 1220 1998 cruore.

989 2055 1036 2082 Ad
1055 2056 1237 2093 Mag-nificat.

796 2120 838 2153 A.
875 2120 1029 2162 Ararath‚
1057 2133 1127 2155 cum
1152 2126 1255 2165 gloria

917 2168 1022 2209 Digne
1046 2173 1229 2214 gratularis,

870 2216 935 2247 Tot
958 2217 1033 2257 quia
1058 2222 1242 2258 praesentia

913 2264 1096 2305 Martyrum
1123 2267 1249 2312 ditaris,

868 2310 1026 2345 Gloriaris
1052 2315 1167 2348 merito

868 2359 964 2392 Felix
989 2361 1051 2393 hoc
1077 2362 1234 2405 deposito,

913 2408 1009 2441 Mons
1035 2419 1053 2442 o
1083 2412 1245 2445 salutaris.
