<?xml version="1.0" encoding="UTF-8"?>
<!DOCTYPE html PUBLIC "-//W3C//DTD XHTML 1.0 Transitional//EN"
    "http://www.w3.org/TR/xhtml1/DTD/xhtml1-transitional.dtd">
<html xmlns="http://www.w3.org/1999/xhtml" xml:lang="en" lang="en">
 <head>
  <title>
</title>
<meta http-equiv="Content-Type" content="text/html;charset=utf-8" />
  <meta name='ocr-system' content='tesseract 3.04.00' />
  <meta name='ocr-capabilities' content='ocr_page ocr_carea ocr_par ocr_line ocrx_word'/>
</head>
<body>
  <div class='ocr_page' id='page_1' title='image "./analectahymnica41drevuoft_00234.png"; bbox 0 0 1651 2700; ppageno 0'>
   <div class='ocr_carea' id='block_1_1' title="bbox 701 110 962 146">
    <p class='ocr_par' dir='ltr' id='par_1_1' title="bbox 701 110 962 146">
     <span class='ocr_line' id='line_1_1' title="bbox 701 110 962 146; baseline 0.004 -1"><span class='ocrx_word' id='word_1_1' title='bbox 701 110 962 146; x_wconf 84' lang='lat'>—231—</span> 
     </span>
    </p>
   </div>
   <div class='ocr_carea' id='block_1_2' title="bbox 177 203 600 246">
    <p class='ocr_par' dir='ltr' id='par_1_2' title="bbox 177 203 600 246">
     <span class='ocr_line' id='line_1_2' title="bbox 177 203 600 246; baseline 0 -10"><span class='ocrx_word' id='word_1_2' title='bbox 177 204 205 236; x_wconf 71' lang='grc'>”.</span> <span class='ocrx_word' id='word_1_3' title='bbox 233 203 297 237; x_wconf 86' lang='lat' dir='ltr'>Est</span> <span class='ocrx_word' id='word_1_4' title='bbox 319 204 416 237; x_wconf 90' lang='lat' dir='ltr'>unica</span> <span class='ocrx_word' id='word_1_5' title='bbox 442 203 600 246; x_wconf 85' lang='lat' dir='ltr'>defensio,</span> 
     </span>
    </p>
   </div>
   <div class='ocr_carea' id='block_1_3' title="bbox 233 252 718 481">
    <p class='ocr_par' dir='ltr' id='par_1_3' title="bbox 233 252 703 342">
     <span class='ocr_line' id='line_1_3' title="bbox 233 252 703 296; baseline 0.002 -11"><span class='ocrx_word' id='word_1_6' title='bbox 233 252 282 285; x_wconf 85' lang='lat' dir='ltr'>Ut</span> <span class='ocrx_word' id='word_1_7' title='bbox 305 261 364 285; x_wconf 86' lang='lat' dir='ltr'>nos</span> <span class='ocrx_word' id='word_1_8' title='bbox 389 253 495 285; x_wconf 89' lang='lat' dir='ltr'>Deum</span> <span class='ocrx_word' id='word_1_9' title='bbox 521 252 703 296; x_wconf 83' lang='lat' dir='ltr'>diligamus,</span> 
     </span>
     <span class='ocr_line' id='line_1_4' title="bbox 234 299 635 342; baseline -0.002 -8"><span class='ocrx_word' id='word_1_10' title='bbox 234 299 286 334; x_wconf 90' lang='lat' dir='ltr'>Sit</span> <span class='ocrx_word' id='word_1_11' title='bbox 310 301 440 342; x_wconf 89' lang='lat' dir='ltr'>orisque</span> <span class='ocrx_word' id='word_1_12' title='bbox 465 299 635 342; x_wconf 75' lang='lat' dir='ltr'>coni&#39;essio,</span> 
     </span>
    </p>

    <p class='ocr_par' dir='ltr' id='par_1_4' title="bbox 235 349 718 481">
     <span class='ocr_line' id='line_1_5' title="bbox 235 349 660 390; baseline -0.005 -7"><span class='ocrx_word' id='word_1_13' title='bbox 235 350 267 383; x_wconf 82' lang='lat' dir='ltr'>A</span> <span class='ocrx_word' id='word_1_14' title='bbox 291 349 436 390; x_wconf 84' lang='lat' dir='ltr'>peccatis</span> <span class='ocrx_word' id='word_1_15' title='bbox 460 349 660 390; x_wconf 83' lang='lat' dir='ltr'>recedamus,</span> 
     </span>
     <span class='ocr_line' id='line_1_6' title="bbox 236 397 669 438; baseline -0.005 -7"><span class='ocrx_word' id='word_1_16' title='bbox 236 397 287 432; x_wconf 92' lang='lat' dir='ltr'>Sit</span> <span class='ocrx_word' id='word_1_17' title='bbox 310 397 482 438; x_wconf 86' lang='lat' dir='ltr'>cordisque</span> <span class='ocrx_word' id='word_1_18' title='bbox 507 397 669 438; x_wconf 85' lang='lat' dir='ltr'>contritio,</span> 
     </span>
     <span class='ocr_line' id='line_1_7' title="bbox 235 444 718 481; baseline -0.002 -3"><span class='ocrx_word' id='word_1_19' title='bbox 235 446 281 479; x_wconf 87' lang='lat' dir='ltr'>Et</span> <span class='ocrx_word' id='word_1_20' title='bbox 305 455 364 478; x_wconf 89' lang='lat' dir='ltr'>nos</span> <span class='ocrx_word' id='word_1_21' title='bbox 389 444 485 478; x_wconf 82' lang='lat' dir='ltr'>fratri</span> <span class='ocrx_word' id='word_1_22' title='bbox 508 445 718 481; x_wconf 81' lang='lat' dir='ltr'>dimittamus,</span> 
     </span>
    </p>
   </div>
   <div class='ocr_carea' id='block_1_4' title="bbox 872 207 1391 252">
    <p class='ocr_par' dir='ltr' id='par_1_5' title="bbox 872 207 1391 252">
     <span class='ocr_line' id='line_1_8' title="bbox 872 207 1391 252; baseline 0 -11"><span class='ocrx_word' id='word_1_23' title='bbox 872 209 904 241; x_wconf 89' lang='lat'>6.</span> <span class='ocrx_word' id='word_1_24' title='bbox 931 207 1000 240; x_wconf 87' lang='lat' dir='ltr'>Ista</span> <span class='ocrx_word' id='word_1_25' title='bbox 1025 208 1123 240; x_wconf 89' lang='lat' dir='ltr'>corde</span> <span class='ocrx_word' id='word_1_26' title='bbox 1148 217 1206 240; x_wconf 88' lang='lat' dir='ltr'>nos</span> <span class='ocrx_word' id='word_1_27' title='bbox 1232 211 1391 252; x_wconf 79' lang='lat' dir='ltr'>gerentes,</span> 
     </span>
    </p>
   </div>
   <div class='ocr_carea' id='block_1_5' title="bbox 929 255 1422 488">
    <p class='ocr_par' dir='ltr' id='par_1_6' title="bbox 929 255 1422 488">
     <span class='ocr_line' id='line_1_9' title="bbox 929 255 1344 298; baseline 0 -10"><span class='ocrx_word' id='word_1_28' title='bbox 929 255 1018 288; x_wconf 89' lang='lat' dir='ltr'>Deus</span> <span class='ocrx_word' id='word_1_29' title='bbox 1043 256 1137 288; x_wconf 88' lang='lat' dir='ltr'>nobis</span> <span class='ocrx_word' id='word_1_30' title='bbox 1161 255 1344 298; x_wconf 87' lang='lat' dir='ltr'>miseretur,</span> 
     </span>
     <span class='ocr_line' id='line_1_10' title="bbox 931 303 1422 347; baseline 0.006 -12"><span class='ocrx_word' id='word_1_31' title='bbox 931 303 1022 336; x_wconf 86' lang='lat' dir='ltr'>Haec</span> <span class='ocrx_word' id='word_1_32' title='bbox 1044 304 1078 336; x_wconf 91' lang='lat' dir='ltr'>in</span> <span class='ocrx_word' id='word_1_33' title='bbox 1104 304 1202 336; x_wconf 86' lang='lat' dir='ltr'>corde</span> <span class='ocrx_word' id='word_1_34' title='bbox 1225 303 1422 347; x_wconf 85' lang='lat' dir='ltr'>affectantes,</span> 
     </span>
     <span class='ocr_line' id='line_1_11' title="bbox 931 351 1408 395; baseline 0.006 -12"><span class='ocrx_word' id='word_1_35' title='bbox 931 351 1034 384; x_wconf 87' lang='lat' dir='ltr'>Nobis</span> <span class='ocrx_word' id='word_1_36' title='bbox 1061 352 1186 384; x_wconf 81' lang='lat' dir='ltr'>cunctis</span> <span class='ocrx_word' id='word_1_37' title='bbox 1211 352 1408 395; x_wconf 76' lang='lat' dir='ltr'>indulgetur,</span> 
     </span>
     <span class='ocr_line' id='line_1_12' title="bbox 933 398 1404 442; baseline 0.006 -11"><span class='ocrx_word' id='word_1_38' title='bbox 933 398 998 432; x_wconf 89' lang='lat' dir='ltr'>Sed</span> <span class='ocrx_word' id='word_1_39' title='bbox 1023 400 1052 432; x_wconf 89' lang='lat' dir='ltr'>si</span> <span class='ocrx_word' id='word_1_40' title='bbox 1076 409 1184 432; x_wconf 89' lang='lat' dir='ltr'>sumus</span> <span class='ocrx_word' id='word_1_41' title='bbox 1209 400 1404 442; x_wconf 86' lang='lat' dir='ltr'>omittentes,</span> 
     </span>
     <span class='ocr_line' id='line_1_13' title="bbox 931 446 1356 488; baseline 0.005 -9"><span class='ocrx_word' id='word_1_42' title='bbox 931 446 1034 479; x_wconf 81' lang='lat' dir='ltr'>Nobis</span> <span class='ocrx_word' id='word_1_43' title='bbox 1059 457 1164 488; x_wconf 90' lang='lat' dir='ltr'>poena</span> <span class='ocrx_word' id='word_1_44' title='bbox 1185 448 1356 482; x_wconf 87' lang='lat' dir='ltr'>tribuetur.</span> 
     </span>
    </p>
   </div>
   <div class='ocr_carea' id='block_1_6' title="bbox 240 537 1130 578">
    <p class='ocr_par' dir='ltr' id='par_1_7' title="bbox 240 537 1130 578">
     <span class='ocr_line' id='line_1_14' title="bbox 240 537 1130 578; baseline 0 -9"><span class='ocrx_word' id='word_1_45' title='bbox 240 539 267 575; x_wconf 79' lang='lat'>2,</span> <span class='ocrx_word' id='word_1_46' title='bbox 289 539 307 569; x_wconf 89' lang='grc'><strong>3</strong></span> <span class='ocrx_word' id='word_1_47' title='bbox 328 541 497 569; x_wconf 85' lang='lat' dir='ltr'>concilium.</span> <span class='ocrx_word' id='word_1_48' title='bbox 517 557 555 561; x_wconf 90' lang='lat'>--</span> <span class='ocrx_word' id='word_1_49' title='bbox 575 537 603 575; x_wconf 87' lang='grc'>3,</span> <span class='ocrx_word' id='word_1_50' title='bbox 627 538 641 568; x_wconf 93' lang='grc'>1</span> <span class='ocrx_word' id='word_1_51' title='bbox 664 541 796 569; x_wconf 78' lang='lat' dir='ltr'>extimat.</span> <span class='ocrx_word' id='word_1_52' title='bbox 817 556 856 560; x_wconf 97' lang='lat'><strong>—</strong></span> <span class='ocrx_word' id='word_1_53' title='bbox 877 539 906 576; x_wconf 84' lang='lat'>4,</span> <span class='ocrx_word' id='word_1_54' title='bbox 930 540 945 569; x_wconf 86' lang='lat' dir='ltr'>l.</span> <span class='ocrx_word' id='word_1_55' title='bbox 965 541 1130 578; x_wconf 83' lang='lat' dir='ltr'>providere.</span> 
     </span>
    </p>
   </div>
   <div class='ocr_carea' id='block_1_7' title="bbox 469 681 1191 722">
    <p class='ocr_par' dir='ltr' id='par_1_8' title="bbox 469 681 1191 722">
     <span class='ocr_line' id='line_1_15' title="bbox 469 681 1191 722; baseline 0 -9"><span class='ocrx_word' id='word_1_56' title='bbox 469 683 514 714; x_wconf 85' lang='lat'>73.</span> <span class='ocrx_word' id='word_1_57' title='bbox 555 682 695 722; x_wconf 84' lang='lat' dir='ltr'>Hymnus</span> <span class='ocrx_word' id='word_1_58' title='bbox 716 681 754 714; x_wconf 81' lang='lat' dir='ltr'>(le</span> <span class='ocrx_word' id='word_1_59' title='bbox 776 681 987 715; x_wconf 82' lang='lat' dir='ltr'>coniunctivis</span> <span class='ocrx_word' id='word_1_60' title='bbox 1008 681 1191 714; x_wconf 85' lang='lat' dir='ltr'>virtutibus.</span> 
     </span>
    </p>
   </div>
   <div class='ocr_carea' id='block_1_8' title="bbox 202 773 798 1048">
    <p class='ocr_par' dir='ltr' id='par_1_9' title="bbox 202 773 708 911">
     <span class='ocr_line' id='line_1_16' title="bbox 202 773 624 814; baseline 0.007 -11"><span class='ocrx_word' id='word_1_61' title='bbox 202 796 208 803; x_wconf 93' lang='lat'>.</span> <span class='ocrx_word' id='word_1_62' title='bbox 236 773 462 806; x_wconf 83' lang='lat' dir='ltr'>Humilitatem</span> <span class='ocrx_word' id='word_1_63' title='bbox 487 773 624 814; x_wconf 84' lang='lat' dir='ltr'>respicit</span> 
     </span>
     <span class='ocr_line' id='line_1_17' title="bbox 236 821 708 864; baseline 0.004 -11"><span class='ocrx_word' id='word_1_64' title='bbox 236 821 402 862; x_wconf 90' lang='lat' dir='ltr'>Supernus</span> <span class='ocrx_word' id='word_1_65' title='bbox 426 822 515 854; x_wconf 88' lang='lat' dir='ltr'>Deus</span> <span class='ocrx_word' id='word_1_66' title='bbox 539 822 708 864; x_wconf 87' lang='lat' dir='ltr'>maximus,</span> 
     </span>
     <span class='ocr_line' id='line_1_18' title="bbox 237 869 662 911; baseline 0.002 -10"><span class='ocrx_word' id='word_1_67' title='bbox 237 869 303 902; x_wconf 89' lang='lat' dir='ltr'>Hic</span> <span class='ocrx_word' id='word_1_68' title='bbox 326 869 529 910; x_wconf 86' lang='lat' dir='ltr'>humilesque</span> <span class='ocrx_word' id='word_1_69' title='bbox 555 871 662 911; x_wconf 84' lang='lat' dir='ltr'>diligit</span> 
     </span>
    </p>

    <p class='ocr_par' dir='ltr' id='par_1_10' title="bbox 235 918 798 1048">
     <span class='ocr_line' id='line_1_19' title="bbox 235 918 673 960; baseline 0.005 -11"><span class='ocrx_word' id='word_1_70' title='bbox 235 918 281 950; x_wconf 79' lang='lat' dir='ltr'>Et</span> <span class='ocrx_word' id='word_1_71' title='bbox 306 920 403 960; x_wconf 85' lang='lat' dir='ltr'>amat,</span> <span class='ocrx_word' id='word_1_72' title='bbox 429 918 673 958; x_wconf 86' lang='lat' dir='ltr'>potentissimus</span> 
     </span>
     <span class='ocr_line' id='line_1_20' title="bbox 237 965 690 1009; baseline 0.002 -11"><span class='ocrx_word' id='word_1_73' title='bbox 237 965 404 1006; x_wconf 88' lang='lat' dir='ltr'>Superbos</span> <span class='ocrx_word' id='word_1_74' title='bbox 429 966 501 1008; x_wconf 88' lang='lat' dir='ltr'>ipse</span> <span class='ocrx_word' id='word_1_75' title='bbox 527 967 690 1009; x_wconf 86' lang='lat' dir='ltr'>deprimit,</span> 
     </span>
     <span class='ocr_line' id='line_1_21' title="bbox 237 1013 798 1048; baseline 0.004 -2"><span class='ocrx_word' id='word_1_76' title='bbox 237 1013 446 1046; x_wconf 84' lang='lat' dir='ltr'>Confundens</span> <span class='ocrx_word' id='word_1_77' title='bbox 482 1014 540 1046; x_wconf 85' lang='lat' dir='ltr'>hos</span> <span class='ocrx_word' id='word_1_78' title='bbox 566 1015 798 1048; x_wconf 86' lang='lat' dir='ltr'>sanctissimus.</span> 
     </span>
    </p>
   </div>
   <div class='ocr_carea' id='block_1_9' title="bbox 203 1110 724 1383">
    <p class='ocr_par' dir='ltr' id='par_1_11' title="bbox 203 1110 668 1201">
     <span class='ocr_line' id='line_1_22' title="bbox 203 1110 668 1151; baseline 0 -7"><span class='ocrx_word' id='word_1_79' title='bbox 203 1137 210 1144; x_wconf 94' lang='lat'>.</span> <span class='ocrx_word' id='word_1_80' title='bbox 236 1110 299 1143; x_wconf 89' lang='lat' dir='ltr'>Est</span> <span class='ocrx_word' id='word_1_81' title='bbox 322 1110 488 1143; x_wconf 85' lang='lat' dir='ltr'>humilitas</span> <span class='ocrx_word' id='word_1_82' title='bbox 513 1111 668 1151; x_wconf 85' lang='lat' dir='ltr'>magistra</span> 
     </span>
     <span class='ocr_line' id='line_1_23' title="bbox 236 1158 600 1201; baseline 0 -11"><span class='ocrx_word' id='word_1_83' title='bbox 236 1158 431 1201; x_wconf 84' lang='lat' dir='ltr'>Sapientiae,</span> <span class='ocrx_word' id='word_1_84' title='bbox 459 1159 600 1200; x_wconf 86' lang='lat' dir='ltr'>virtutis,</span> 
     </span>
    </p>

    <p class='ocr_par' dir='ltr' id='par_1_12' title="bbox 232 1205 724 1383">
     <span class='ocr_line' id='line_1_24' title="bbox 232 1205 724 1248; baseline 0 -10"><span class='ocrx_word' id='word_1_85' title='bbox 232 1205 306 1238; x_wconf 88' lang='lat' dir='ltr'>Hoc</span> <span class='ocrx_word' id='word_1_86' title='bbox 329 1206 364 1238; x_wconf 88' lang='lat' dir='ltr'>in</span> <span class='ocrx_word' id='word_1_87' title='bbox 391 1206 491 1239; x_wconf 88' lang='lat' dir='ltr'>corde</span> <span class='ocrx_word' id='word_1_88' title='bbox 515 1209 551 1238; x_wconf 87' lang='lat' dir='ltr'>tu</span> <span class='ocrx_word' id='word_1_89' title='bbox 576 1206 724 1248; x_wconf 86' lang='lat' dir='ltr'>registra,</span> 
     </span>
     <span class='ocr_line' id='line_1_25' title="bbox 234 1254 704 1296; baseline 0 -10"><span class='ocrx_word' id='word_1_90' title='bbox 234 1254 363 1295; x_wconf 85' lang='lat' dir='ltr'>Regnat</span> <span class='ocrx_word' id='word_1_91' title='bbox 387 1254 582 1296; x_wconf 89' lang='lat' dir='ltr'>humilisque</span> <span class='ocrx_word' id='word_1_92' title='bbox 606 1254 704 1296; x_wconf 87' lang='lat' dir='ltr'>mitis,</span> 
     </span>
     <span class='ocr_line' id='line_1_26' title="bbox 233 1302 703 1344; baseline 0.002 -10"><span class='ocrx_word' id='word_1_93' title='bbox 233 1302 323 1343; x_wconf 86' lang='lat' dir='ltr'>Lege</span> <span class='ocrx_word' id='word_1_94' title='bbox 344 1311 442 1343; x_wconf 86' lang='lat' dir='ltr'>saepe</span> <span class='ocrx_word' id='word_1_95' title='bbox 465 1303 499 1335; x_wconf 91' lang='lat' dir='ltr'>in</span> <span class='ocrx_word' id='word_1_96' title='bbox 523 1302 703 1344; x_wconf 88' lang='lat' dir='ltr'>psalmista,</span> 
     </span>
     <span class='ocr_line' id='line_1_27' title="bbox 235 1349 724 1383; baseline 0 -1"><span class='ocrx_word' id='word_1_97' title='bbox 235 1349 309 1382; x_wconf 81' lang='lat' dir='ltr'>Non</span> <span class='ocrx_word' id='word_1_98' title='bbox 335 1350 481 1383; x_wconf 86' lang='lat' dir='ltr'>manebis</span> <span class='ocrx_word' id='word_1_99' title='bbox 508 1354 620 1383; x_wconf 87' lang='lat' dir='ltr'>auctor</span> <span class='ocrx_word' id='word_1_100' title='bbox 645 1351 724 1383; x_wconf 89' lang='lat' dir='ltr'>litis.</span> 
     </span>
    </p>
   </div>
   <div class='ocr_carea' id='block_1_10' title="bbox 200 1446 731 1729">
    <p class='ocr_par' dir='ltr' id='par_1_13' title="bbox 200 1446 731 1729">
     <span class='ocr_line' id='line_1_28' title="bbox 200 1446 651 1487; baseline 0 -8"><span class='ocrx_word' id='word_1_101' title='bbox 200 1472 208 1479; x_wconf 94' lang='lat'>.</span> <span class='ocrx_word' id='word_1_102' title='bbox 234 1446 424 1479; x_wconf 82' lang='lat' dir='ltr'>Mansuetus</span> <span class='ocrx_word' id='word_1_103' title='bbox 450 1450 500 1479; x_wconf 88' lang='lat' dir='ltr'>est</span> <span class='ocrx_word' id='word_1_104' title='bbox 523 1447 651 1487; x_wconf 91' lang='lat' dir='ltr'>patiens</span> 
     </span>
     <span class='ocr_line' id='line_1_29' title="bbox 233 1495 680 1538; baseline 0.004 -12"><span class='ocrx_word' id='word_1_105' title='bbox 233 1495 309 1535; x_wconf 87' lang='lat' dir='ltr'>Ipse</span> <span class='ocrx_word' id='word_1_106' title='bbox 334 1495 529 1536; x_wconf 87' lang='lat' dir='ltr'>humilisque</span> <span class='ocrx_word' id='word_1_107' title='bbox 553 1496 680 1538; x_wconf 87' lang='lat' dir='ltr'>mentis,</span> 
     </span>
     <span class='ocr_line' id='line_1_30' title="bbox 233 1542 627 1576; baseline 0 0"><span class='ocrx_word' id='word_1_108' title='bbox 233 1543 389 1576; x_wconf 83' lang='lat' dir='ltr'>Iniuriam</span> <span class='ocrx_word' id='word_1_109' title='bbox 413 1552 478 1576; x_wconf 91' lang='lat' dir='ltr'>non</span> <span class='ocrx_word' id='word_1_110' title='bbox 504 1542 627 1576; x_wconf 85' lang='lat' dir='ltr'>faciens</span> 
     </span>
     <span class='ocr_line' id='line_1_31' title="bbox 231 1591 731 1634; baseline 0.002 -11"><span class='ocrx_word' id='word_1_111' title='bbox 231 1591 347 1624; x_wconf 84' lang='lat' dir='ltr'>Manet</span> <span class='ocrx_word' id='word_1_112' title='bbox 369 1592 537 1624; x_wconf 90' lang='lat' dir='ltr'>immemor</span> <span class='ocrx_word' id='word_1_113' title='bbox 560 1592 731 1634; x_wconf 88' lang='lat' dir='ltr'>laedentis,</span> 
     </span>
     <span class='ocr_line' id='line_1_32' title="bbox 232 1639 729 1673; baseline 0 -1"><span class='ocrx_word' id='word_1_114' title='bbox 232 1639 296 1672; x_wconf 86' lang='lat' dir='ltr'>Est</span> <span class='ocrx_word' id='word_1_115' title='bbox 320 1640 375 1672; x_wconf 89' lang='lat' dir='ltr'>hic</span> <span class='ocrx_word' id='word_1_116' title='bbox 400 1640 441 1672; x_wconf 88' lang='lat' dir='ltr'>ad</span> <span class='ocrx_word' id='word_1_117' title='bbox 469 1640 572 1672; x_wconf 91' lang='lat' dir='ltr'>Deum</span> <span class='ocrx_word' id='word_1_118' title='bbox 600 1640 729 1673; x_wconf 90' lang='lat' dir='ltr'>rediens</span> 
     </span>
     <span class='ocr_line' id='line_1_33' title="bbox 231 1687 695 1729; baseline 0.004 -10"><span class='ocrx_word' id='word_1_119' title='bbox 231 1687 277 1720; x_wconf 87' lang='lat' dir='ltr'>Et</span> <span class='ocrx_word' id='word_1_120' title='bbox 301 1691 427 1720; x_wconf 86' lang='lat' dir='ltr'>amator</span> <span class='ocrx_word' id='word_1_121' title='bbox 451 1687 555 1721; x_wconf 85' lang='lat' dir='ltr'>bonae</span> <span class='ocrx_word' id='word_1_122' title='bbox 579 1688 695 1729; x_wconf 83' lang='lat' dir='ltr'>gentiS.</span> 
     </span>
    </p>
   </div>
   <div class='ocr_carea' id='block_1_11' title="bbox 198 1785 795 2070">
    <p class='ocr_par' dir='ltr' id='par_1_14' title="bbox 198 1785 715 1827">
     <span class='ocr_line' id='line_1_34' title="bbox 198 1785 715 1827; baseline 0 -9"><span class='ocrx_word' id='word_1_123' title='bbox 198 1810 206 1818; x_wconf 96' lang='lat'>.</span> <span class='ocrx_word' id='word_1_124' title='bbox 232 1785 339 1819; x_wconf 84' lang='lat' dir='ltr'>Purus</span> <span class='ocrx_word' id='word_1_125' title='bbox 365 1787 444 1827; x_wconf 86' lang='lat' dir='ltr'>esto,</span> <span class='ocrx_word' id='word_1_126' title='bbox 471 1795 534 1819; x_wconf 81' lang='lat' dir='ltr'>non¹</span> <span class='ocrx_word' id='word_1_127' title='bbox 561 1790 597 1818; x_wconf 89' lang='lat' dir='ltr'>tu</span> <span class='ocrx_word' id='word_1_128' title='bbox 621 1785 715 1818; x_wconf 90' lang='lat' dir='ltr'>fictus</span> 
     </span>
    </p>

    <p class='ocr_par' dir='ltr' id='par_1_15' title="bbox 231 1832 680 1876">
     <span class='ocr_line' id='line_1_35' title="bbox 231 1832 680 1876; baseline -0.002 -9"><span class='ocrx_word' id='word_1_129' title='bbox 231 1834 278 1867; x_wconf 86' lang='lat' dir='ltr'>Et</span> <span class='ocrx_word' id='word_1_130' title='bbox 303 1832 453 1866; x_wconf 86' lang='lat' dir='ltr'>deferens</span> <span class='ocrx_word' id='word_1_131' title='bbox 478 1834 680 1876; x_wconf 85' lang='lat' dir='ltr'>munditiam,</span> 
     </span>
    </p>

    <p class='ocr_par' dir='ltr' id='par_1_16' title="bbox 231 1879 795 1974">
     <span class='ocr_line' id='line_1_36' title="bbox 231 1879 795 1928; baseline 0.002 -14"><span class='ocrx_word' id='word_1_132' title='bbox 231 1883 282 1915; x_wconf 88' lang='lat' dir='ltr'>Tu</span> <span class='ocrx_word' id='word_1_133' title='bbox 294 1891 366 1915; x_wconf 90' lang='lat' dir='ltr'>men</span> <span class='ocrx_word' id='word_1_134' title='bbox 372 1882 436 1915; x_wconf 87' lang='lat' dir='ltr'>dax</span> <span class='ocrx_word' id='word_1_135' title='bbox 447 1891 511 1915; x_wconf 92' lang='lat' dir='ltr'>non</span> <span class='ocrx_word' id='word_1_136' title='bbox 524 1883 568 1915; x_wconf 89' lang='lat' dir='ltr'>sis</span> <span class='ocrx_word' id='word_1_137' title='bbox 576 1879 665 1928; x_wconf 89' lang='lat' dir='ltr'>[nec]</span> <span class='ocrx_word' id='word_1_138' title='bbox 678 1883 795 1926; x_wconf 87' lang='lat' dir='ltr'>pictus,</span> 
     </span>
     <span class='ocr_line' id='line_1_37' title="bbox 231 1930 600 1974; baseline 0.003 -11"><span class='ocrx_word' id='word_1_139' title='bbox 231 1931 282 1964; x_wconf 87' lang='lat' dir='ltr'>Tu</span> <span class='ocrx_word' id='word_1_140' title='bbox 306 1931 412 1964; x_wconf 89' lang='lat' dir='ltr'>retine</span> <span class='ocrx_word' id='word_1_141' title='bbox 437 1930 600 1974; x_wconf 89' lang='lat' dir='ltr'>fiduciam,</span> 
     </span>
    </p>

    <p class='ocr_par' dir='ltr' id='par_1_17' title="bbox 231 1980 657 2022">
     <span class='ocr_line' id='line_1_38' title="bbox 231 1980 657 2022; baseline 0.002 -10"><span class='ocrx_word' id='word_1_142' title='bbox 231 1980 281 2012; x_wconf 91' lang='lat' dir='ltr'>Tu</span> <span class='ocrx_word' id='word_1_143' title='bbox 305 1980 455 2022; x_wconf 81' lang='lat' dir='ltr'>legaliter</span> <span class='ocrx_word' id='word_1_144' title='bbox 480 1980 525 2012; x_wconf 92' lang='lat' dir='ltr'>sis</span> <span class='ocrx_word' id='word_1_145' title='bbox 553 1981 657 2013; x_wconf 89' lang='lat' dir='ltr'>dictus</span> 
     </span>
    </p>

    <p class='ocr_par' dir='ltr' id='par_1_18' title="bbox 230 2028 704 2070">
     <span class='ocr_line' id='line_1_39' title="bbox 230 2028 704 2070; baseline 0.004 -9"><span class='ocrx_word' id='word_1_146' title='bbox 230 2028 275 2061; x_wconf 87' lang='lat' dir='ltr'>Et</span> <span class='ocrx_word' id='word_1_147' title='bbox 299 2037 391 2070; x_wconf 88' lang='lat' dir='ltr'>geres</span> <span class='ocrx_word' id='word_1_148' title='bbox 418 2033 453 2061; x_wconf 89' lang='lat' dir='ltr'>tu</span> <span class='ocrx_word' id='word_1_149' title='bbox 479 2029 704 2063; x_wconf 82' lang='lat' dir='ltr'>constantiam.</span> 
     </span>
    </p>
   </div>
   <div class='ocr_carea' id='block_1_12' title="bbox 870 774 1348 815">
    <p class='ocr_par' dir='ltr' id='par_1_19' title="bbox 870 774 1348 815">
     <span class='ocr_line' id='line_1_40' title="bbox 870 774 1348 815; baseline 0 -8"><span class='ocrx_word' id='word_1_150' title='bbox 870 775 901 807; x_wconf 88' lang='lat'>5.</span> <span class='ocrx_word' id='word_1_151' title='bbox 929 774 980 806; x_wconf 91' lang='lat' dir='ltr'>Tu</span> <span class='ocrx_word' id='word_1_152' title='bbox 1005 774 1175 807; x_wconf 85' lang='lat' dir='ltr'>considera</span> <span class='ocrx_word' id='word_1_153' title='bbox 1201 775 1348 815; x_wconf 85' lang='lat' dir='ltr'>praelate</span> 
     </span>
    </p>
   </div>
   <div class='ocr_carea' id='block_1_13' title="bbox 925 822 1447 1050">
    <p class='ocr_par' dir='ltr' id='par_1_20' title="bbox 928 822 1366 856">
     <span class='ocr_line' id='line_1_41' title="bbox 928 822 1366 856; baseline 0.007 -3"><span class='ocrx_word' id='word_1_154' title='bbox 928 822 974 854; x_wconf 88' lang='lat' dir='ltr'>Et</span> <span class='ocrx_word' id='word_1_155' title='bbox 1000 822 1158 854; x_wconf 88' lang='lat' dir='ltr'>distribue</span> <span class='ocrx_word' id='word_1_156' title='bbox 1182 826 1216 855; x_wconf 91' lang='lat' dir='ltr'>tu</span> <span class='ocrx_word' id='word_1_157' title='bbox 1242 822 1366 856; x_wconf 80' lang='lat' dir='ltr'>fructus</span> 
     </span>
    </p>

    <p class='ocr_par' dir='ltr' id='par_1_21' title="bbox 925 870 1309 913">
     <span class='ocr_line' id='line_1_42' title="bbox 925 870 1309 913; baseline 0.003 -10"><span class='ocrx_word' id='word_1_158' title='bbox 925 871 976 903; x_wconf 86' lang='lat' dir='ltr'>Ac</span> <span class='ocrx_word' id='word_1_159' title='bbox 1000 870 1152 911; x_wconf 87' lang='lat' dir='ltr'>intellege</span> <span class='ocrx_word' id='word_1_160' title='bbox 1176 874 1211 903; x_wconf 88' lang='lat' dir='ltr'>tu</span> <span class='ocrx_word' id='word_1_161' title='bbox 1233 871 1309 913; x_wconf 88' lang='lat' dir='ltr'>late,</span> 
     </span>
    </p>

    <p class='ocr_par' dir='ltr' id='par_1_22' title="bbox 926 918 1399 999">
     <span class='ocr_line' id='line_1_43' title="bbox 926 918 1399 961; baseline 0.002 -11"><span class='ocrx_word' id='word_1_162' title='bbox 926 918 1001 950; x_wconf 85' lang='lat' dir='ltr'>Non</span> <span class='ocrx_word' id='word_1_163' title='bbox 1025 918 1074 950; x_wconf 90' lang='lat' dir='ltr'>vis</span> <span class='ocrx_word' id='word_1_164' title='bbox 1099 927 1193 950; x_wconf 89' lang='lat' dir='ltr'>ruere</span> <span class='ocrx_word' id='word_1_165' title='bbox 1217 921 1253 951; x_wconf 90' lang='lat' dir='ltr'>tu</span> <span class='ocrx_word' id='word_1_166' title='bbox 1277 919 1399 961; x_wconf 86' lang='lat' dir='ltr'>subtus,</span> 
     </span>
     <span class='ocr_line' id='line_1_44' title="bbox 928 966 1340 999; baseline 0.002 -1"><span class='ocrx_word' id='word_1_167' title='bbox 928 966 974 998; x_wconf 86' lang='lat' dir='ltr'>Et</span> <span class='ocrx_word' id='word_1_168' title='bbox 997 975 1061 998; x_wconf 91' lang='lat' dir='ltr'>non</span> <span class='ocrx_word' id='word_1_169' title='bbox 1087 966 1175 999; x_wconf 89' lang='lat' dir='ltr'>vives</span> <span class='ocrx_word' id='word_1_170' title='bbox 1202 967 1340 999; x_wconf 90' lang='lat' dir='ltr'>delicate</span> 
     </span>
    </p>

    <p class='ocr_par' dir='ltr' id='par_1_23' title="bbox 931 1013 1447 1050">
     <span class='ocr_line' id='line_1_45' title="bbox 931 1013 1447 1050; baseline 0.002 -5"><span class='ocrx_word' id='word_1_171' title='bbox 931 1013 1002 1047; x_wconf 88' lang='lat' dir='ltr'>Nec</span> <span class='ocrx_word' id='word_1_172' title='bbox 1026 1023 1046 1046; x_wconf 90' lang='lat' dir='ltr'>a</span> <span class='ocrx_word' id='word_1_173' title='bbox 1071 1014 1226 1046; x_wconf 91' lang='lat' dir='ltr'>daemone</span> <span class='ocrx_word' id='word_1_174' title='bbox 1251 1015 1295 1046; x_wconf 89' lang='lat' dir='ltr'>sis</span> <span class='ocrx_word' id='word_1_175' title='bbox 1322 1015 1447 1050; x_wconf 82' lang='lat' dir='ltr'>ductus.</span> 
     </span>
    </p>
   </div>
   <div class='ocr_carea' id='block_1_14' title="bbox 895 1110 1343 1143">
    <p class='ocr_par' dir='ltr' id='par_1_24' title="bbox 895 1110 1343 1143">
     <span class='ocr_line' id='line_1_46' title="bbox 895 1110 1343 1143; baseline -0.002 0"><span class='ocrx_word' id='word_1_176' title='bbox 895 1135 902 1143; x_wconf 95' lang='lat'>.</span> <span class='ocrx_word' id='word_1_177' title='bbox 928 1110 999 1142; x_wconf 92' lang='lat' dir='ltr'>Deo</span> <span class='ocrx_word' id='word_1_178' title='bbox 1026 1112 1081 1142; x_wconf 86' lang='lat' dir='ltr'>tuo</span> <span class='ocrx_word' id='word_1_179' title='bbox 1105 1110 1209 1142; x_wconf 88' lang='lat' dir='ltr'>redde</span> <span class='ocrx_word' id='word_1_180' title='bbox 1233 1112 1343 1142; x_wconf 86' lang='lat' dir='ltr'>votum</span> 
     </span>
    </p>
   </div>
   <div class='ocr_carea' id='block_1_15' title="bbox 927 1157 1489 1391">
    <p class='ocr_par' dir='ltr' id='par_1_25' title="bbox 927 1157 1489 1391">
     <span class='ocr_line' id='line_1_47' title="bbox 927 1157 1388 1199; baseline -0.002 -8"><span class='ocrx_word' id='word_1_181' title='bbox 927 1159 973 1191; x_wconf 88' lang='lat' dir='ltr'>Et</span> <span class='ocrx_word' id='word_1_182' title='bbox 997 1157 1135 1190; x_wconf 88' lang='lat' dir='ltr'>observa</span> <span class='ocrx_word' id='word_1_183' title='bbox 1158 1161 1194 1190; x_wconf 89' lang='lat' dir='ltr'>tu</span> <span class='ocrx_word' id='word_1_184' title='bbox 1218 1158 1388 1199; x_wconf 87' lang='lat' dir='ltr'>promissa,</span> 
     </span>
     <span class='ocr_line' id='line_1_48' title="bbox 927 1205 1474 1248; baseline 0.002 -10"><span class='ocrx_word' id='word_1_185' title='bbox 927 1205 1020 1246; x_wconf 80' lang='lat' dir='ltr'>Quod</span> <span class='ocrx_word' id='word_1_186' title='bbox 1044 1208 1081 1237; x_wconf 89' lang='lat' dir='ltr'>tu</span> <span class='ocrx_word' id='word_1_187' title='bbox 1107 1205 1216 1248; x_wconf 88' lang='lat' dir='ltr'>debes,</span> <span class='ocrx_word' id='word_1_188' title='bbox 1244 1206 1348 1239; x_wconf 88' lang='lat' dir='ltr'>redde</span> <span class='ocrx_word' id='word_1_189' title='bbox 1372 1209 1474 1239; x_wconf 86' lang='lat' dir='ltr'>totum</span> 
     </span>
     <span class='ocr_line' id='line_1_49' title="bbox 929 1253 1425 1296; baseline 0 -9"><span class='ocrx_word' id='word_1_190' title='bbox 929 1253 1060 1287; x_wconf 85' lang='lat' dir='ltr'>Cunctis</span> <span class='ocrx_word' id='word_1_191' title='bbox 1086 1254 1175 1285; x_wconf 87' lang='lat' dir='ltr'>horis</span> <span class='ocrx_word' id='word_1_192' title='bbox 1201 1256 1233 1285; x_wconf 91' lang='lat' dir='ltr'>et</span> <span class='ocrx_word' id='word_1_193' title='bbox 1257 1254 1290 1285; x_wconf 91' lang='lat' dir='ltr'>in</span> <span class='ocrx_word' id='word_1_194' title='bbox 1316 1254 1425 1296; x_wconf 81' lang='lat' dir='ltr'>missa,</span> 
     </span>
     <span class='ocr_line' id='line_1_50' title="bbox 927 1301 1489 1345; baseline 0.002 -11"><span class='ocrx_word' id='word_1_195' title='bbox 927 1301 1000 1334; x_wconf 90' lang='lat' dir='ltr'>Hoc</span> <span class='ocrx_word' id='word_1_196' title='bbox 1024 1304 1075 1333; x_wconf 90' lang='lat' dir='ltr'>est</span> <span class='ocrx_word' id='word_1_197' title='bbox 1098 1305 1221 1334; x_wconf 86' lang='lat' dir='ltr'>certum</span> <span class='ocrx_word' id='word_1_198' title='bbox 1246 1306 1343 1342; x_wconf 88' lang='lat' dir='ltr'>atque</span> <span class='ocrx_word' id='word_1_199' title='bbox 1369 1306 1489 1345; x_wconf 86' lang='lat' dir='ltr'>notum,</span> 
     </span>
     <span class='ocr_line' id='line_1_51' title="bbox 928 1349 1409 1391; baseline 0.006 -10"><span class='ocrx_word' id='word_1_200' title='bbox 928 1349 1021 1389; x_wconf 80' lang='lat' dir='ltr'>Quod</span> <span class='ocrx_word' id='word_1_201' title='bbox 1045 1352 1082 1381; x_wconf 86' lang='lat' dir='ltr'>tu</span> <span class='ocrx_word' id='word_1_202' title='bbox 1108 1350 1232 1390; x_wconf 87' lang='lat' dir='ltr'>cogeris</span> <span class='ocrx_word' id='word_1_203' title='bbox 1258 1350 1301 1382; x_wconf 88' lang='lat' dir='ltr'>ad</span> <span class='ocrx_word' id='word_1_204' title='bbox 1325 1351 1409 1391; x_wconf 90' lang='lat' dir='ltr'>ipsa.</span> 
     </span>
    </p>
   </div>
   <div class='ocr_carea' id='block_1_16' title="bbox 894 1447 1448 1488">
    <p class='ocr_par' dir='ltr' id='par_1_26' title="bbox 894 1447 1448 1488">
     <span class='ocr_line' id='line_1_52' title="bbox 894 1447 1448 1488; baseline 0.002 -10"><span class='ocrx_word' id='word_1_205' title='bbox 894 1474 901 1482; x_wconf 86' lang='lat'>,</span> <span class='ocrx_word' id='word_1_206' title='bbox 929 1447 1031 1488; x_wconf 79' lang='lat' dir='ltr'>Quam</span> <span class='ocrx_word' id='word_1_207' title='bbox 1056 1449 1171 1487; x_wconf 90' lang='lat' dir='ltr'>potens</span> <span class='ocrx_word' id='word_1_208' title='bbox 1198 1450 1247 1478; x_wconf 89' lang='lat' dir='ltr'>est</span> <span class='ocrx_word' id='word_1_209' title='bbox 1272 1447 1448 1488; x_wconf 82' lang='lat' dir='ltr'>humilitas,</span> 
     </span>
    </p>
   </div>
   <div class='ocr_carea' id='block_1_17' title="bbox 925 1494 1489 1729">
    <p class='ocr_par' dir='ltr' id='par_1_27' title="bbox 925 1494 1489 1729">
     <span class='ocr_line' id='line_1_53' title="bbox 927 1494 1489 1538; baseline 0 -11"><span class='ocrx_word' id='word_1_210' title='bbox 927 1495 1015 1535; x_wconf 79' lang='lat' dir='ltr'>Quae</span> <span class='ocrx_word' id='word_1_211' title='bbox 1039 1497 1185 1535; x_wconf 87' lang='lat' dir='ltr'>prostrat</span> <span class='ocrx_word' id='word_1_212' title='bbox 1208 1495 1273 1527; x_wconf 91' lang='lat' dir='ltr'>iam</span> <span class='ocrx_word' id='word_1_213' title='bbox 1290 1494 1489 1538; x_wconf 84' lang='lat' dir='ltr'>superbiam,</span> 
     </span>
     <span class='ocr_line' id='line_1_54' title="bbox 925 1543 1403 1585; baseline 0 -10"><span class='ocrx_word' id='word_1_214' title='bbox 925 1543 1028 1583; x_wconf 79' lang='lat' dir='ltr'>Quam</span> <span class='ocrx_word' id='word_1_215' title='bbox 1053 1543 1243 1575; x_wconf 89' lang='lat' dir='ltr'>honoranda</span> <span class='ocrx_word' id='word_1_216' title='bbox 1267 1544 1403 1585; x_wconf 86' lang='lat' dir='ltr'>puritas,</span> 
     </span>
     <span class='ocr_line' id='line_1_55' title="bbox 926 1591 1404 1633; baseline 0 -10"><span class='ocrx_word' id='word_1_217' title='bbox 926 1593 1014 1632; x_wconf 81' lang='lat' dir='ltr'>Quae</span> <span class='ocrx_word' id='word_1_218' title='bbox 1038 1591 1132 1632; x_wconf 88' lang='lat' dir='ltr'>pellit</span> <span class='ocrx_word' id='word_1_219' title='bbox 1157 1591 1404 1633; x_wconf 84' lang='lat' dir='ltr'>immunditiam,</span> 
     </span>
     <span class='ocr_line' id='line_1_56' title="bbox 927 1640 1461 1681; baseline 0.002 -9"><span class='ocrx_word' id='word_1_220' title='bbox 927 1641 1029 1681; x_wconf 78' lang='lat' dir='ltr'>Quam</span> <span class='ocrx_word' id='word_1_221' title='bbox 1054 1642 1167 1672; x_wconf 84' lang='lat' dir='ltr'>sancta</span> <span class='ocrx_word' id='word_1_222' title='bbox 1192 1643 1242 1671; x_wconf 84' lang='lat' dir='ltr'>est</span> <span class='ocrx_word' id='word_1_223' title='bbox 1266 1640 1461 1680; x_wconf 82' lang='lat' dir='ltr'>humanitaS,</span> 
     </span>
     <span class='ocr_line' id='line_1_57' title="bbox 927 1688 1447 1729; baseline 0.002 -9"><span class='ocrx_word' id='word_1_224' title='bbox 927 1689 1016 1729; x_wconf 83' lang='lat' dir='ltr'>Quae</span> <span class='ocrx_word' id='word_1_225' title='bbox 1040 1688 1188 1728; x_wconf 86' lang='lat' dir='ltr'>proximo</span> <span class='ocrx_word' id='word_1_226' title='bbox 1218 1688 1274 1720; x_wconf 88' lang='lat' dir='ltr'>dat</span> <span class='ocrx_word' id='word_1_227' title='bbox 1298 1688 1447 1721; x_wconf 82' lang='lat' dir='ltr'>veniam!</span> 
     </span>
    </p>
   </div>
   <div class='ocr_carea' id='block_1_18' title="bbox 894 1785 1458 1819">
    <p class='ocr_par' dir='ltr' id='par_1_28' title="bbox 894 1785 1458 1819">
     <span class='ocr_line' id='line_1_58' title="bbox 894 1785 1458 1819; baseline -0.002 0"><span class='ocrx_word' id='word_1_228' title='bbox 894 1811 901 1819; x_wconf 94' lang='lat'>.</span> <span class='ocrx_word' id='word_1_229' title='bbox 928 1786 983 1819; x_wconf 90' lang='lat' dir='ltr'>Ad</span> <span class='ocrx_word' id='word_1_230' title='bbox 1008 1785 1183 1818; x_wconf 90' lang='lat' dir='ltr'>Dominum</span> <span class='ocrx_word' id='word_1_231' title='bbox 1208 1795 1267 1818; x_wconf 90' lang='lat' dir='ltr'>nos</span> <span class='ocrx_word' id='word_1_232' title='bbox 1293 1786 1458 1818; x_wconf 83' lang='lat' dir='ltr'>nascimur</span> 
     </span>
    </p>
   </div>
   <div class='ocr_carea' id='block_1_19' title="bbox 925 1834 1415 2069">
    <p class='ocr_par' dir='ltr' id='par_1_29' title="bbox 925 1834 1415 1972">
     <span class='ocr_line' id='line_1_59' title="bbox 928 1834 1377 1875; baseline -0.002 -8"><span class='ocrx_word' id='word_1_233' title='bbox 928 1835 972 1867; x_wconf 81' lang='lat' dir='ltr'>Et</span> <span class='ocrx_word' id='word_1_234' title='bbox 996 1834 1039 1866; x_wconf 89' lang='lat' dir='ltr'>ad</span> <span class='ocrx_word' id='word_1_235' title='bbox 1064 1834 1171 1875; x_wconf 90' lang='lat' dir='ltr'>ipsum</span> <span class='ocrx_word' id='word_1_236' title='bbox 1195 1834 1377 1872; x_wconf 85' lang='lat' dir='ltr'>redeamus,</span> 
     </span>
     <span class='ocr_line' id='line_1_60' title="bbox 927 1882 1415 1916; baseline 0 -1"><span class='ocrx_word' id='word_1_237' title='bbox 927 1884 991 1916; x_wconf 90' lang='lat' dir='ltr'>Per</span> <span class='ocrx_word' id='word_1_238' title='bbox 1016 1882 1189 1915; x_wconf 91' lang='lat' dir='ltr'>Dominum</span> <span class='ocrx_word' id='word_1_239' title='bbox 1215 1883 1415 1915; x_wconf 82' lang='lat' dir='ltr'>salvabimur</span> 
     </span>
     <span class='ocr_line' id='line_1_61' title="bbox 925 1931 1322 1972; baseline -0.003 -7"><span class='ocrx_word' id='word_1_240' title='bbox 925 1931 970 1965; x_wconf 85' lang='lat' dir='ltr'>Et</span> <span class='ocrx_word' id='word_1_241' title='bbox 993 1931 1029 1964; x_wconf 91' lang='lat' dir='ltr'>in</span> <span class='ocrx_word' id='word_1_242' title='bbox 1054 1940 1091 1964; x_wconf 90' lang='lat' dir='ltr'>eo</span> <span class='ocrx_word' id='word_1_243' title='bbox 1111 1931 1322 1972; x_wconf 78' lang='lat' dir='ltr'>quiescamus,</span> 
     </span>
    </p>

    <p class='ocr_par' dir='ltr' id='par_1_30' title="bbox 926 1980 1363 2069">
     <span class='ocr_line' id='line_1_62' title="bbox 926 1980 1363 2021; baseline 0 -9"><span class='ocrx_word' id='word_1_244' title='bbox 926 1980 961 2013; x_wconf 88' lang='lat' dir='ltr'>Si</span> <span class='ocrx_word' id='word_1_245' title='bbox 986 1980 1030 2012; x_wconf 86' lang='lat' dir='ltr'>ad</span> <span class='ocrx_word' id='word_1_246' title='bbox 1054 1983 1189 2021; x_wconf 88' lang='lat' dir='ltr'>peccata</span> <span class='ocrx_word' id='word_1_247' title='bbox 1213 1980 1363 2012; x_wconf 86' lang='lat' dir='ltr'>labimur.</span> 
     </span>
     <span class='ocr_line' id='line_1_63' title="bbox 926 2028 1359 2069; baseline 0.002 -8"><span class='ocrx_word' id='word_1_248' title='bbox 926 2028 994 2061; x_wconf 85' lang='lat' dir='ltr'>Nos</span> <span class='ocrx_word' id='word_1_249' title='bbox 1020 2038 1040 2061; x_wconf 92' lang='lat' dir='ltr'>a</span> <span class='ocrx_word' id='word_1_250' title='bbox 1063 2029 1133 2061; x_wconf 86' lang='lat' dir='ltr'>Deo</span> <span class='ocrx_word' id='word_1_251' title='bbox 1160 2038 1359 2069; x_wconf 84' lang='lat' dir='ltr'>separamus.</span> 
     </span>
    </p>
   </div>
   <div class='ocr_carea' id='block_1_20' title="bbox 520 2126 1104 2410">
    <p class='ocr_par' dir='ltr' id='par_1_31' title="bbox 520 2126 1104 2410">
     <span class='ocr_line' id='line_1_64' title="bbox 520 2126 1022 2162; baseline -0.01 0"><span class='ocrx_word' id='word_1_252' title='bbox 520 2129 551 2162; x_wconf 86' lang='lat'>9.</span> <span class='ocrx_word' id='word_1_253' title='bbox 579 2127 661 2160; x_wconf 89' lang='lat' dir='ltr'>Nam</span> <span class='ocrx_word' id='word_1_254' title='bbox 689 2126 830 2160; x_wconf 86' lang='lat' dir='ltr'>hominis</span> <span class='ocrx_word' id='word_1_255' title='bbox 856 2126 1022 2159; x_wconf 89' lang='lat' dir='ltr'>humilitas</span> 
     </span>
     <span class='ocr_line' id='line_1_65' title="bbox 577 2174 1021 2217; baseline -0.005 -9"><span class='ocrx_word' id='word_1_256' title='bbox 577 2176 747 2208; x_wconf 87' lang='lat' dir='ltr'>Altissimo</span> <span class='ocrx_word' id='word_1_257' title='bbox 773 2183 868 2216; x_wconf 87' lang='lat' dir='ltr'>quem</span> <span class='ocrx_word' id='word_1_258' title='bbox 892 2174 1021 2217; x_wconf 82' lang='lat' dir='ltr'>subicit,</span> 
     </span>
     <span class='ocr_line' id='line_1_66' title="bbox 577 2223 1044 2263; baseline -0.006 -6"><span class='ocrx_word' id='word_1_259' title='bbox 577 2225 623 2257; x_wconf 84' lang='lat' dir='ltr'>Et</span> <span class='ocrx_word' id='word_1_260' title='bbox 647 2224 756 2257; x_wconf 85' lang='lat' dir='ltr'>cordis</span> <span class='ocrx_word' id='word_1_261' title='bbox 780 2223 894 2256; x_wconf 89' lang='lat' dir='ltr'>mundi</span> <span class='ocrx_word' id='word_1_262' title='bbox 919 2223 1044 2263; x_wconf 89' lang='lat' dir='ltr'>puritas</span> 
     </span>
     <span class='ocr_line' id='line_1_67' title="bbox 576 2270 1104 2312; baseline -0.008 -7"><span class='ocrx_word' id='word_1_263' title='bbox 576 2273 661 2305; x_wconf 90' lang='lat' dir='ltr'>Nam</span> <span class='ocrx_word' id='word_1_264' title='bbox 686 2272 844 2305; x_wconf 90' lang='lat' dir='ltr'>altissimo</span> <span class='ocrx_word' id='word_1_265' title='bbox 870 2280 965 2312; x_wconf 92' lang='lat' dir='ltr'>quem</span> <span class='ocrx_word' id='word_1_266' title='bbox 989 2270 1104 2312; x_wconf 79' lang='lat' dir='ltr'>iungit,</span> 
     </span>
     <span class='ocr_line' id='line_1_68' title="bbox 577 2320 975 2354; baseline -0.008 0"><span class='ocrx_word' id='word_1_267' title='bbox 577 2323 628 2354; x_wconf 90' lang='lat' dir='ltr'>Ac</span> <span class='ocrx_word' id='word_1_268' title='bbox 654 2330 693 2354; x_wconf 84' lang='lat' dir='ltr'>ex</span> <span class='ocrx_word' id='word_1_269' title='bbox 719 2329 830 2354; x_wconf 88' lang='lat' dir='ltr'>amore</span> <span class='ocrx_word' id='word_1_270' title='bbox 856 2320 975 2352; x_wconf 90' lang='lat' dir='ltr'>caritas</span> 
     </span>
     <span class='ocr_line' id='line_1_69' title="bbox 581 2368 1073 2410; baseline -0.002 -7"><span class='ocrx_word' id='word_1_271' title='bbox 581 2370 665 2403; x_wconf 88' lang='lat' dir='ltr'>Nam</span> <span class='ocrx_word' id='word_1_272' title='bbox 691 2369 849 2402; x_wconf 88' lang='lat' dir='ltr'>altissimo</span> <span class='ocrx_word' id='word_1_273' title='bbox 872 2377 966 2410; x_wconf 89' lang='lat' dir='ltr'>quem</span> <span class='ocrx_word' id='word_1_274' title='bbox 991 2368 1073 2402; x_wconf 90' lang='lat' dir='ltr'>unit.</span> 
     </span>
    </p>
   </div>
   <div class='ocr_carea' id='block_1_21' title="bbox 231 2436 452 2473">
    <p class='ocr_par' dir='ltr' id='par_1_32' title="bbox 231 2436 452 2473">
     <span class='ocr_line' id='line_1_70' title="bbox 231 2436 452 2473; baseline -0.005 -7"><span class='ocrx_word' id='word_1_275' title='bbox 231 2437 259 2473; x_wconf 86' lang='lat'>4,</span> <span class='ocrx_word' id='word_1_276' title='bbox 282 2436 300 2466; x_wconf 90' lang='lat'><strong>3</strong></span> <span class='ocrx_word' id='word_1_277' title='bbox 321 2438 452 2466; x_wconf 87' lang='lat' dir='ltr'>mendas.</span> 
     </span>
    </p>
   </div>
  </div>
 </body>
</html>
