1651 2700
682 150 944 184 —132—

560 249 590 280 5.
618 248 699 288 Ave,
726 245 851 287 fulgens
876 246 1002 278 saeculo

662 294 764 326 Stella
788 294 954 335 matutina,

614 342 707 375 Omni
733 342 826 374 datus
851 341 970 381 populo

659 389 749 422 Hora
773 389 968 429 vespertina,

614 437 739 469 Levans
766 445 817 468 me
844 437 884 469 de
908 436 1034 468 stabulo

659 485 705 516 Et
730 485 847 524 culpae
871 484 997 516 sentina

613 532 700 565 Caeli
725 532 910 564 habitaculo

657 580 791 619 Angelis
819 579 976 611 combina.

227 642 252 669 A
273 641 322 668 fol.
348 638 383 669 13
392 648 417 668 a.
438 654 476 659 —
498 640 555 667 Cfr.
578 640 664 668 Anal.
684 640 739 674 ΠΙ,
763 637 826 668 188.

566 723 615 754 45.
656 723 700 754 De
721 723 829 755 saneto
854 723 1051 761 Hieronymo.

164 785 196 818 1.
222 786 301 826 Ave,
330 793 348 816 o
372 784 550 826 Ieronyme,
852 785 883 817 3.
910 784 991 822 Ave,
1018 783 1071 823 qui
1096 782 1235 814 viriliter

272 831 448 871 Presbyter
473 831 576 870 beate,
956 831 1115 862 Haereses
1141 827 1310 861 contundis

224 879 407 911 Exornatus
434 879 553 918 optime
908 879 952 910 Et
980 887 1033 909 eas
1058 877 1231 909 salubriter

271 926 363 959 Omni
389 925 569 967 sanctitate,
957 925 1084 965 Ubique
1114 923 1295 963 confundis,

223 973 318 1005 Meae
344 972 449 1005 faeces
475 973 600 1005 animae
911 973 1054 1005 Peccatis
1080 972 1234 1004 velociter

274 1020 325 1053 De
348 1029 399 1052 me
424 1020 500 1060 fuga
524 1021 600 1061 late,
958 1021 1013 1052 Me
1040 1021 1101 1052 due
1126 1020 1165 1052 de
1190 1017 1372 1059 profundis,

225 1068 317 1100 Mala
341 1076 411 1099 mea
438 1068 552 1100 dirime
914 1067 1046 1100 Curram
1072 1070 1147 1107 post
1171 1069 1204 1098 te
1231 1066 1369 1098 dulciter

275 1116 352 1148 Cum
378 1116 560 1149 velocitate.
958 1115 1095 1147 Actibus
1120 1114 1280 1146 iucundis.

167 1178 198 1210 2.
225 1177 305 1219 Ave,
334 1176 387 1216 qui
411 1176 597 1216 mysterium
854 1179 885 1210 4.
913 1178 994 1216 Ave,
1023 1176 1096 1217 quia
1122 1176 1256 1216 corrigis

273 1224 389 1256 Prodis
414 1224 647 1264 seripturarum
958 1224 1063 1256 Ambo
1089 1226 1289 1264 testamenta,

225 1271 394 1303 Saerarum
419 1271 579 1311 ingenium
911 1272 1080 1305 Universis
1105 1271 1245 1311 porrigis

273 1319 337 1350 Per
362 1321 448 1349 tuum
476 1319 687 1361 praeclarum,
959 1319 1079 1351 Mentis
1105 1319 1267 1361 alimenta,

224 1366 337 1398 Finem
365 1368 398 1397 et
421 1366 613 1405 principium
912 1367 1023 1406 Vince,
1050 1366 1078 1398 si
1102 1375 1153 1398 me
1179 1366 1285 1406 erigis,

273 1414 418 1446 Mearum
445 1413 608 1453 culparum
959 1414 1131 1446 Daemonis
1158 1416 1336 1445 commenta

226 1460 361 1492 Precum
387 1469 446 1500 per
470 1460 646 1492 subsidium
915 1462 1113 1502 Quaerendo,
1141 1470 1222 1501 quae
1248 1461 1366 1502 diligis,

276 1508 469 1540 Praeseinde
495 1511 631 1540 tuarum.
962 1510 1056 1541 Vitae
1082 1509 1287 1542 nutrimenta.

553 1572 584 1602 5.
610 1572 691 1612 Ave,
719 1579 788 1602 cum
811 1571 947 1603 victoria

656 1618 716 1658 Qui
740 1618 844 1650 locum
871 1619 1000 1650 beatum

613 1666 762 1698 Possides
787 1666 820 1697 in
847 1666 951 1707 gloria

656 1715 686 1745 A
711 1713 781 1745 Deo
806 1717 965 1755 paratum,

609 1761 679 1793 Tua
701 1769 799 1800 prece
824 1762 915 1793 varia

659 1809 748 1840 Doce
772 1817 823 1840 me
850 1809 997 1850 ditatum,

613 1856 702 1888 Caeli
724 1856 856 1888 claudat
881 1857 989 1896 patria

658 1903 733 1935 Tibi
755 1904 922 1937 sociatum.

228 1952 253 1979 A
274 1952 324 1980 fol.
348 1951 399 1980 212.

581 2036 629 2067 46.
670 2037 713 2067 De
734 2038 841 2068 saneto
864 2036 1040 2077 Hippolyto.

166 2097 199 2130 ].
226 2097 307 2138 Ave,
335 2106 352 2129 o
377 2097 566 2141 Hippolyte,
855 2099 886 2130 2.
912 2098 993 2138 Ave,
1021 2099 1075 2138 qui
1100 2100 1265 2140 gentilium

276 2144 336 2183 Qui
360 2146 513 2178 mundum
539 2146 645 2178 vicisti
961 2146 1087 2186 Fugisti
1112 2155 1252 2181 errorem

227 2192 470 2233 Martyrumque
494 2194 606 2225 inclite
913 2194 1074 2226 Imitando
1099 2195 1239 2227 omnium

272 2240 415 2272 Palmam
439 2242 594 2284 meruisti,
965 2241 1128 2274 Christum
1154 2244 1360 2285 salvatorem,

224 2287 275 2319 De
299 2289 423 2327 peccati
449 2288 560 2322 fomite
914 2288 1035 2321 Mentis
1059 2299 1150 2322 meae
1175 2292 1287 2323 vitium

275 2335 433 2369 Liberans
459 2346 510 2369 me
534 2337 621 2369 tristi
964 2337 1008 2369 Et
1033 2338 1148 2378 eulpae
1173 2338 1340 2371 horrorem

224 2382 357 2416 Exorna
381 2393 432 2416 me
458 2386 559 2418 divite
915 2384 997 2416 Dele
1022 2394 1082 2425 per
1105 2386 1290 2428 suffragium

273 2431 363 2464 Stola
387 2433 461 2465 Iesu
488 2432 619 2466 Christ-i.
962 2432 1064 2465 Tuum
1092 2437 1125 2466 et
1149 2433 1305 2471 favorem.
