1651 2700
713 143 977 178 —154—

584 242 615 274 5.
643 240 723 279 Ave,
750 239 803 279 qui
829 248 848 271 a
872 240 985 273 lancea

688 287 791 319 Saeva
813 286 997 327 perforatus

641 334 767 367 Corona
790 344 874 367 nunc
899 344 992 367 rosea

687 382 815 415 Gaudes
841 387 1019 425 coronatus,

641 429 806 463 Gaudeam
830 431 958 462 siderea

687 478 722 510 In
749 478 827 510 sede
849 479 983 516 locatus,

639 527 736 557 Veste
762 526 866 558 cultus
891 526 985 558 nivea

688 573 814 606 Christo
840 574 992 606 sociatus.

257 633 283 660 A
305 634 355 661 fol.
377 631 414 661 78
426 634 453 661 b.
476 649 513 653 -—
534 634 592 661 (ΧΥ.
613 634 699 661 Anal.
720 634 774 668 ΙΙΙ,
797 631 853 661 182
873 643 915 670 sq.

556 726 597 757 81.
639 726 680 758 De
702 735 725 758 s.
746 727 860 758 Thoma
881 726 1109 758 GautuarIensi.

195 782 225 814 1.
252 783 333 823 Ave,
361 783 564 825 cancellario,
880 784 910 816 3.
937 785 1019 823 Ave,
1045 782 1099 822 qui
1124 782 1228 814 cilicio

305 829 438 872 Thoma‚
467 839 536 861 cum
563 831 682 862 honore
987 830 1099 862 Carnis
1127 830 1237 862 domas
1261 829 1332 861 iura

250 876 393 908 Functus
420 885 453 908 es
478 876 585 909 officio
938 878 1068 917 Fugans
1094 878 1156 909 hoc
1180 877 1307 917 negotio

297 924 335 956 In
360 924 422 956 Dei
447 925 571 965 timore,
986 925 1060 957 Tibi
1086 925 1242 967 nocitura,

252 971 349 1004 Cordi
374 981 443 1003 meo
468 973 576 1005 saucio
940 974 984 1006 Ut
1009 972 1117 1004 solvar
1143 981 1162 1004 a
1186 972 1274 1013 vitio,

299 1019 429 1050 Peccati
453 1018 577 1052 foetore
983 1020 1139 1052 Precibus
1165 1028 1312 1060 procura,

254 1066 411 1099 Succurre
434 1067 576 1099 remedio
938 1067 1074 1109 Gaudia,
1101 1076 1183 1107 quae
1205 1067 1291 1107 sitio,

299 1114 376 1146 Cum
402 1115 647 1153 praestantiore.
988 1115 1175 1148 Concedens
1201 1114 1319 1147 futura.

194 1176 227 1206 2.
253 1174 336 1214 Ave,
363 1175 611 1214 archipraesulis
877 1178 908 1208 4.
935 1177 1016 1214 Ave,
1042 1177 1093 1216 qui
1121 1177 1287 1208 extolleris

300 1221 434 1261 Sumpta
459 1225 619 1261 potestate
984 1223 1113 1255 Meritis
1140 1227 1172 1255 et
1197 1224 1308 1265 signis,

251 1268 389 1300 Ornatus
416 1269 473 1300 sub
499 1268 610 1301 infulis
936 1272 1068 1303 Manum
1094 1272 1216 1312 largam
1242 1271 1350 1311 aperis

301 1316 429 1348 Gaudes
455 1319 655 1358 paupertate,
983 1318 1097 1358 Dignis
1124 1322 1156 1350 et
1179 1319 1333 1358 indignis,

253 1362 366 1395 Carnis
392 1367 510 1395 tactum
537 1364 660 1406 iaculis,
938 1367 1037 1398 Prece
1063 1365 1126 1406 fac,
1153 1375 1194 1398 ne
1218 1366 1333 1398 inferis

300 1410 421 1450 Culpae
444 1411 579 1452 vilitate,
985 1413 1095 1445 Socier
1119 1415 1279 1455 malignis,

250 1457 306 1489 Me
330 1456 383 1489 fac
408 1467 518 1490 sanum
543 1459 670 1498 pabulis
937 1460 1001 1493 Sed
1026 1461 1131 1494 vivam
1158 1471 1229 1493 cum
1255 1461 1381 1501 superis

299 1505 407 1537 Plenis
435 1506 579 1540 caritate.
984 1509 1022 1541 In
1048 1510 1145 1541 caelis
1171 1509 1328 1550 benignis,

578 1571 608 1602 5.
635 1570 715 1611 Ave,
743 1569 796 1609 qui
821 1578 880 1609 per
905 1571 1055 1614 gladium,

680 1617 778 1656 Quem
805 1618 996 1661 sustinuisti,

634 1664 751 1695 Finisti
775 1667 977 1707 martyrium,

681 1711 770 1743 Sicut
797 1714 985 1754 concupisti,

635 1760 735 1792 Omne
761 1759 801 1791 de
825 1769 877 1792 me
900 1762 1030 1793 noxium

681 1807 783 1850 Tolle,
811 1808 896 1848 quod
921 1809 1038 1851 vicisti,

632 1854 675 1886 Et
702 1855 764 1887 duc
786 1856 820 1887 in
847 1857 1002 1896 palatium

677 1902 781 1943 Regni
804 1903 877 1935 lesu
904 1904 1034 1938 Christi.

250 1958 276 1985 A
297 1958 347 1986 fol.
369 1958 415 1987 Za
437 1969 478 1996 Ἢ.

616 2038 663 2068 82.
705 2037 748 2069 De
769 2040 877 2070 sancto
897 2039 1055 2071 Udalrieo.

191 2086 221 2119 1.
248 2089 329 2129 Ave,
356 2100 374 2122 o
401 2094 526 2133 egregie
879 2098 909 2130 2.
936 2098 1017 2136 Ave,
1042 2098 1154 2129 mundi
1180 2097 1297 2138 gaudia

298 2137 454 2171 Udalrice
479 2145 582 2181 pater.
986 2144 1120 2177 Calcans
1148 2145 1302 2188 dulciora,

247 2183 307 2223 Qui
332 2189 424 2218 natos
451 2190 605 2221 ecclesiae
934 2192 996 2225 Dei
1023 2192 1178 2226 beneficia

294 2232 415 2265 Pavisti
442 2245 499 2268 ceu
524 2240 635 2280 mater,
983 2240 1123 2273 Gustans
1147 2242 1286 2282 potiora,

247 2279 283 2310 In
310 2280 393 2313 bono
420 2285 549 2319 cotidie,
933 2288 983 2320 De
1009 2289 1107 2321 caelis
1135 2289 1258 2322 solacia

296 2327 423 2371 Confer,
449 2336 487 2363 ut
511 2333 628 2365 dilater
979 2337 1054 2368 Meo
1079 2337 1170 2369 cordi
1195 2346 1271 2370 rora

247 2373 464 2411 Incumbendo
489 2381 605 2412 latriae
934 2383 1038 2424 Super
1063 2385 1162 2417 mella
1189 2385 1308 2427 dulcia,

295 2422 422 2463 Pauper
447 2437 503 2468 ego
529 2427 642 2461 frater.
982 2433 1063 2465 Mihi
1090 2434 1243 2473 gratiora.
