1651 2700
157 242 218 276 2a.
245 243 428 287 Leonarde‚
455 252 498 288 te,
525 256 543 279 o
570 249 667 290 clare‚

243 291 375 326 Caelum
403 295 535 336 clamat,
562 299 666 333 terra,
694 307 783 331 mare

297 341 419 374 Christi
446 344 574 384 dignum
601 346 745 379 militem.

154 427 215 460 3a.
242 427 330 460 Mira
357 429 459 462 clares
487 431 622 463 caritate

236 474 283 507 Et
305 477 338 508 in
365 481 458 510 tanta
483 479 633 511 claritate

288 524 398 556 Omnis
424 529 535 566 stupet
560 528 681 560 oculus.

147 609 207 642 4a.
236 608 373 649 Sapiens
399 614 435 642 ut
460 612 656 645 architectus

234 656 309 688 Tibi
335 657 497 691 Christum
523 669 582 700 spe
606 660 773 701 profectus

280 704 541 739 Fundamentum
569 709 712 742 dedicas.

144 791 204 822 5a.
233 790 372 824 Summis
398 794 519 827 scalam
544 795 640 828 Iacob
667 796 756 829 horis

232 839 379 872 Ascensu
406 843 511 883 tangis
538 844 656 876 amoris

280 887 440 922 Theoriae
465 889 635 926 fructibus,

143 975 203 1007 6a.
231 974 295 1006 Die
322 984 390 1007 cum
417 977 553 1010 Martha
577 979 717 1018 laboras,

231 1022 336 1055 Nocte
362 1032 431 1055 cum
458 1025 566 1058 Maria
592 1036 665 1059 oras

279 1071 402 1104 Uniens
429 1077 461 1104 te
486 1075 622 1113 superis.

139 1157 199 1189 ¹7a.
227 1156 282 1188 Sic
309 1158 349 1189 de
373 1158 579 1191 lacrimarum
606 1161 691 1192 valle

228 1203 414 1237 Gratiarum
442 1208 573 1240 scandis
601 1209 682 1240 calle

271 1251 327 1285 Ad
354 1254 435 1286 caeli
460 1253 599 1299 fastigia,

135 1339 193 1371 8a.
221 1339 285 1371 Eia
310 1349 378 1383 nos,
405 1351 423 1373 o
450 1342 589 1381 Christe,
617 1344 677 1375 tibi

221 1387 323 1420 Libro
349 1389 436 1421 vitae
463 1390 505 1422 da
532 1392 692 1423 conscribi

270 1436 433 1470 Leonardi
460 1439 623 1482 precibus,

804 156 848 190 97
899 176 944 180 —

854 253 913 286 ab.
941 254 1002 286 Dei
1027 254 1132 295 plebis
1158 258 1192 287 tu
1219 256 1284 288 dux
1310 248 1440 298 aequus,

939 302 1056 334 Mundi
1082 303 1215 346 lampas,
1245 305 1325 336 caeli
1353 305 1462 347 decus,

988 351 1081 382 Vitae
1105 355 1218 383 tenens
1243 353 1417 387 tramitem.

849 435 907 468 3b.
932 436 1171 470 Admirandum
1198 440 1371 471 sanctitate

935 483 1044 525 Digna
1071 488 1103 517 te
1127 487 1345 519 sollemnitate

984 531 1107 565 Laudis
1134 534 1244 574 vulgat
1270 535 1393 568 titulus.

846 616 908 649 4b.
938 617 1098 662 Gemmas,
1125 629 1235 651 aurum
1257 624 1288 652 et
1306 626 1473 662 argentum

932 665 1012 698 Tale
1037 675 1135 707 super
1162 666 1405 701 fundamentum

982 713 1163 748 Prudenter
1188 716 1351 750 aedificas.

843 798 905 833 5b.
933 800 1003 832 Nec
1034 801 1073 833 ab
1098 802 1180 843 ipsis
1208 807 1318 844 captas
1343 805 1470 847 laudes,

930 848 1034 881 Belial
1059 859 1134 881 nam
1160 849 1249 883 fallis
1276 850 1407 885 fraudes

978 897 1162 937 Aequitatis
1188 900 1352 939 passibus,

840 981 901 1014 ob.
929 982 1025 1015 Dulci
1050 983 1202 1017 Rachelis
1228 987 1379 1025 amplexu

926 1029 1007 1061 Frui
1032 1031 1143 1063 volens
1167 1032 1247 1064 Liae
1272 1042 1356 1065 nexu

973 1078 1181 1118 Praepediris
1207 1082 1326 1120 operiS.

838 1162 896 1195 7b.
924 1163 989 1195 Ubi
1013 1164 1087 1203 plus
1113 1173 1206 1204 quam
1233 1170 1324 1198 verni
1350 1166 1444 1200 flores

920 1212 1064 1243 Aeterno
1091 1221 1162 1244 cum
1184 1211 1292 1245 fructu
1317 1213 1405 1247 flore<

969 1259 1060 1291 Inter
1085 1260 1172 1293 vitae
1196 1261 1276 1296 lilia.

835 1345 895 1378 8b.
924 1347 1014 1379 Tuae
1034 1347 1130 1378 sortis
1158 1348 1333 1381 coheredes

919 1394 1039 1426 Tecum
1064 1397 1101 1426 ut
1126 1404 1295 1437 carpamus
1319 1398 1414 1430 sedes

968 1442 1048 1475 Cum
1075 1443 1187 1475 electis
1213 1445 1371 1478 omnibus.

198 1521 223 1549 B
244 1521 295 1549 fol.
319 1520 406 1550 163a.
428 1540 466 1544 —
489 1524 538 1557 lh,
561 1530 576 1552 ι,
600 1525 722 1553 Nullum
743 1527 821 1554 desit
839 1527 998 1564 gaudium,
1019 1537 1114 1565 gegen
1134 1529 1191 1556 deu
1212 1530 1307 1557 Reim.
1329 1546 1364 1550 —
1386 1532 1459 1559 hum

119 1559 205 1587 Teile
226 1560 374 1589 identisch
395 1563 451 1589 mit
471 1563 523 1591 der
543 1563 678 1600 Sequenz
700 1565 753 1592 auf
770 1565 912 1593 Altmann
932 1567 984 1595 Nr.
1007 1564 1038 1599 2,

1068 1566 1195 1596 Gaude
1217 1570 1319 1597 caeli
1342 1578 1459 1598 urar—

120 1597 211 1625 chia.
235 1614 270 1618 —
292 1599 408 1628 Vorauf
424 1601 495 1637 geht
515 1602 567 1630 der
587 1603 731 1639 Tropus
753 1613 819 1631 zum
840 1605 988 1633 Alleluia:

588 1660 747 1689 Liber-ator
768 1663 962 1698 captivorum,

622 1699 795 1736 Dissipator
815 1703 995 1736 catenarum,

582 1737 746 1772 Leonarde,
769 1748 837 1775 spes
858 1740 1036 1774 vinctorum,

620 1777 796 1805 Nostrarum
819 1778 885 1806 dele
904 1779 1058 1815 culparum

658 1816 724 1843 Tua
742 1825 829 1852 prece
849 1819 1012 1845 vesaniam.

579 1908 616 1940 11.
657 1908 699 1940 Dc
721 1910 832 1941 sancta
853 1910 988 1943 Martha.

120 1988 138 2021 1
151 1997 181 2022 a.
207 1988 246 2021 In
275 1989 407 2021 caelesti
431 1990 593 2023 ierarchia

210 2036 360 2070 Mulcens
385 2039 499 2079 pangit
521 2039 714 2079 symphonia

256 2085 409 2118 Marthae
434 2088 628 2128 natalitium,

119 2173 179 2205 2a.
207 2173 352 2213 Martha,
382 2174 486 2206 dulcis
513 2179 544 2206 et
572 2175 677 2217 beata,

207 2220 311 2261 Regia
337 2221 377 2253 de
402 2222 490 2254 tribu
516 2226 604 2264 nata,

258 2269 351 2302 Omni
376 2270 474 2303 laude
500 2271 640 2313 dignior,

112 2356 174 2390 32..
203 2356 374 2389 Paradoxe
398 2366 459 2398 per
486 2358 635 2391 decorem

201 2404 323 2437 Mentis
349 2408 439 2438 tuum
465 2406 507 2438 ad
534 2416 674 2439 amorem

249 2453 366 2485 Trahis
390 2454 494 2487 Deum
522 2456 670 2488 dulciter.

158 2511 180 2534 D
188 2519 202 2535 r
210 2518 224 2534 e
231 2518 266 2535 ve
273 2518 286 2535 s
293 2531 299 2541 ‚
318 2512 481 2536 christanus
498 2512 729 2543 Gampoliliensis.

822 1992 880 2028 lb.
907 1993 1063 2026 Labentis
1087 1996 1199 2028 mundi
1225 2006 1284 2028 nos
1308 1997 1397 2030 horis

906 2041 1016 2074 Fibris
1043 2046 1076 2075 et
1100 2053 1191 2076 suum
1220 2046 1346 2077 canoris

956 2091 1144 2123 Promamus
1170 2094 1390 2132 praeconium.

817 2176 877 2209 ab.
908 2177 1004 2209 Vultu
1031 2178 1145 2220 clares,
1172 2179 1282 2219 lingua
1307 2178 1415 2220 fiores,

904 2225 1023 2265 Sponsi
1049 2226 1152 2258 curris
1178 2231 1254 2267 post
1280 2228 1396 2260 odores

949 2273 1078 2313 Aquilis
1104 2274 1257 2307 velocior.

813 2359 872 2393 ab.
898 2359 1060 2392 Extendis
1087 2363 1117 2392 et
1143 2370 1206 2393 non
1232 2362 1265 2394 in
1294 2372 1409 2396 vanum

899 2407 1039 2449 Largam
1064 2410 1225 2442 universis
1251 2420 1378 2444 manum

951 2457 1010 2489 Pie
1035 2460 1067 2489 et
1092 2457 1242 2491 feliciter.

1247 2515 1264 2543 7
