1651 2700
163 242 198 276 2.
225 243 381 279 Terretur
404 249 550 289 egregius

220 291 267 325 Ut
292 294 376 327 vidit
403 295 559 338 Georgius

271 341 386 375 Plures
411 344 589 389 immolare,

220 388 337 423 Omnia
364 393 563 432 pauperibus

222 435 287 469 Sua
315 438 372 471 dat
398 448 437 472 ex
463 442 610 475 omnibus

269 485 369 519 Nulla
393 492 524 523 servata
549 499 604 533 re3

145 531 185 565 V.
222 533 316 565 Idola
341 536 476 576 gentilia

217 580 342 613 Cuncta
367 590 443 615 sunt
471 585 649 631 daemonia,

263 628 483 664 Proclamavit
508 634 606 666 clare.

155 714 186 746 3.
213 714 359 749 Daciano
384 720 537 759 praeside

214 762 325 796 Ferali
350 768 524 806 tyrannide

264 811 338 851 Pios
365 819 579 856 persequente

216 858 392 893 Christiani
419 865 522 907 cunei,

214 907 421 942 Professores
445 910 533 953 fidei,

262 955 382 989 Latent
407 967 505 999 aegra
530 964 636 993 mente
647 973 654 1003 ;

139 1001 178 1035 V.
214 1003 275 1036 His
302 1005 430 1044 quidem
455 1007 624 1042 innumera

261 1053 469 1086 Intentantur

255 1099 300 1132 Et
324 1105 482 1140 parantur

208 1146 456 1181 Tormentorum
482 1160 609 1191 genera.

273 1282 317 1314 In
344 1284 376 1316 2.
405 1284 636 1322 Nocturn0.

351 1377 549 1415 Antiphonae.

147 1442 177 1475 1.
205 1443 414 1478 Invocantem
441 1450 557 1481 statuit

253 1492 348 1525 Hunc
373 1495 405 1526 111
431 1505 513 1537 pace
540 1499 639 1539 Deus,

206 1539 264 1578 Qui
291 1551 351 1581 pro
376 1542 447 1576 Deo
474 1546 600 1578 studuit

254 1589 346 1621 Patri
372 1591 542 1627 iubilaeus.

139 1674 173 1706 2.
200 1674 304 1707 Huius
330 1678 432 1710 verba
456 1681 581 1723 merito,

248 1723 331 1764 Iesu,
359 1729 546 1769 percepisti,

200 1769 285 1803 Suae
312 1773 397 1805 vitae
422 1776 538 1809 merito

249 1820 348 1859 Quem
375 1822 580 1860 benedixisti.

138 1906 170 1938 3.
198 1906 332 1939 Honore
358 1912 391 1941 et
415 1911 520 1951 gloria

246 1955 427 1990 Coronatur
450 1960 522 2004 iste,

199 2002 349 2037 Glorians
375 2007 406 2038 in
431 1987 540 2049 patri'a

247 2051 334 2085 Caeli
361 2060 478 2097 tecum,
506 2058 646 2095 Christe.

335 2149 549 2187 Responsoria.

137 2214 167 2247 1.
194 2215 300 2249 Levat
323 2218 357 2250 in
383 2221 527 2253 eculeum

191 2264 372 2306 Martyrem
399 2269 584 2303 aethereum

239 2314 341 2347 Livor
364 2316 512 2363 Daciani,

192 2361 317 2402 Corpus
346 2365 435 2398 cuius
463 2368 601 2410 ungulis,

190 2409 292 2443 Latus
319 2415 469 2468 torquent
497 2415 614 2449 faculis

237 2458 392 2494 Tortores
417 2463 540 2505 insani;

788 159 928 197 67—

848 260 888 296 V.
921 261 1125 297 Frendenter
1150 267 1336 301 vulneribus

968 310 1024 343 Sal
1047 312 1202 346 intricant

967 358 1076 400 Atque
1100 359 1221 394 fricant

919 404 1112 446 Sanguinem
1138 412 1333 447 rorantibus.

859 501 889 532 2.
917 502 1032 544 Magus
1058 505 1254 540 Athanasius

919 549 1069 591 Stupens,
1098 561 1168 585 cum
1195 555 1352 598 Georgius

966 598 1081 632 Ebibit
1107 610 1272 645 venenum,

915 645 1053 679 Errores
1079 658 1154 681 mox
1180 651 1289 691 abicit,

914 692 1008 726 Fidei
1035 704 1089 728 cor
1114 697 1232 731 subicit

962 742 1078 776 Totum
1104 743 1169 778 fide
1195 748 1343 790 plenum3

839 787 879 821 V.
914 789 1038 830 Capitis
1063 795 1223 827 sententia

959 838 1026 871 Dat
1050 841 1255 880 plectendum

958 886 1004 919 Et
1027 889 1229 927 perdendum

910 933 1009 975 Regis
1035 936 1121 968 hunc
1144 939 1280 973 insania.

850 1029 882 1062 3.
910 1031 968 1063 Bis
994 1033 1096 1064 acutis
1124 1034 1253 1067 ensibus

957 1079 1042 1111 Rota
1067 1079 1255 1127 fabricatur,

909 1126 980 1157 Viri
1004 1126 1067 1159 Dei
1092 1129 1211 1161 talibus

956 1173 1081 1214 Corpus
1106 1179 1143 1208 ut
1166 1178 1344 1223 scindatur,

908 1221 995 1260 Quae
1021 1222 1188 1257 confracta
1213 1226 1342 1260 nutibus

954 1269 1016 1301 Dei
1042 1272 1247 1316 adnullatur3

832 1315 871 1349 V.
906 1316 1060 1350 Exsultat
1084 1320 1254 1353 iucundius

953 1365 1055 1398 Sanus
1081 1371 1153 1400 rota

950 1413 1060 1454 Rupta
1085 1418 1154 1448 tota

902 1460 1023 1494 Beatus
1050 1462 1218 1505 Georgius.

953 1657 998 1689 In
1035 1658 1065 1691 3.
1094 1659 1327 1694 Nocturno.

1042 1773 1241 1810 Antiphonae.

838 1840 869 1874 1.
898 1841 1014 1873 Passer
1039 1842 1201 1875 solitarius

945 1889 1193 1932 Transmigrans
1219 1893 1252 1925 in
1278 1897 1429 1936 montem,

896 1938 1053 1970 Transilit
1080 1939 1237 1981 Georgius

944 1987 997 2020 Ad
1022 1988 1109 2020 vitae
1134 1989 1182 2020 sic
1207 1988 1341 2025 fontem.

833 2084 867 2118 2.
894 2083 967 2116 Non
993 2086 1120 2127 accepit
1145 2095 1277 2119 munera

942 2132 1048 2173 Super
1072 2134 1270 2175 innocentes,

892 2182 1082 2215 Ascendens
1109 2182 1151 2214 ad
1178 2183 1286 2220 sidera

938 2228 1060 2262 Evadit
1084 2233 1247 2264 nocentes,

831 2325 863 2358 3.
890 2324 970 2357 Eius
998 2325 1193 2358 desiderium

938 2373 980 2405 Ei
1005 2373 1158 2415 tribuisti,

889 2421 986 2453 Hnnc
1014 2431 1084 2454 cum
1110 2432 1208 2465 super
1234 2426 1350 2458 solium

940 2469 1028 2502 Caeli
1053 2472 1201 2511 posuisti,

1231 2529 1276 2558 5*
