1651 2700
709 125 943 162 -57—

166 216 197 249 3.
224 215 302 255 Ipse
328 218 376 248 est
400 226 459 249 rex
480 219 613 262 gloriae,

270 263 428 297 Dominus
454 267 620 307 virtutum,

220 311 312 344 Dans
338 313 373 345 in
401 314 499 346 caelis
524 315 622 347 hodie

270 360 332 393 Isti
356 362 462 394 locum
488 366 603 396 tutum.

161 446 195 479 4.
222 446 261 478 In
286 446 357 479 Deo
382 448 570 481 laudabitur

270 495 378 527 lustus
404 496 473 528 sinc
494 498 592 529 sorde

220 541 323 574 Simul
353 546 385 574 et
410 544 599 577 laudabitur

268 590 380 623 Omnis
406 595 514 624 rectus
541 593 649 626 corde.

158 679 190 710 5.
217 676 306 709 Laus
333 677 428 709 decet
453 682 486 710 et
511 679 614 719 gloria,

264 725 321 766 Te,
347 725 435 758 Deus
463 728 606 765 deorum,

219 772 416 806 Colomanno
442 776 561 816 gaudia

263 821 403 854 Dantem
432 824 633 863 gaudiorum.

155 907 187 940 6.
212 908 322 940 Iustus
346 908 409 941 iste
434 908 546 942 floruit

264 956 310 988 Et
334 954 430 989 floret
454 961 491 989 ut
513 959 633 1002 palma,

215 1004 314 1043 Quem
342 1007 432 1037 tenet
457 1009 489 1037 et
513 1007 618 1039 tenuit

262 1052 361 1084 Alma
386 1053 449 1085 Dei
475 1055 594 1093 palma.

357 1157 568 1193 Responsoria.

152 1243 184 1276 1.
211 1244 403 1283 Aspernans
429 1246 606 1286 opprobria

210 1292 343 1324 Manum
370 1292 427 1325 dat
451 1294 494 1326 ad
520 1293 621 1327 fortia

257 1339 389 1381 Martyr
414 1341 585 1385 gloriosus,

210 1387 395 1420 Cohaerens
421 1391 624 1423 constantiae

209 1435 280 1467 Nec
306 1436 393 1468 cedit
414 1437 553 1470 iniuriae

257 1483 363 1516 Corde
388 1494 572 1527 generosus,

135 1531 176 1564 V.
210 1532 301 1564 Pede
327 1533 429 1564 currit
454 1535 613 1577 praepeti,

206 1579 304 1612 Vivat
328 1583 364 1612 ut
389 1581 422 1613 in
447 1583 577 1623 perpeti

254 1628 330 1660 Vita
354 1629 539 1669 gaudiosus.

143 1715 177 1747 2.
205 1715 319 1748 Virum
350 1717 569 1756 evangelicum

206 1763 309 1795 Istum
335 1764 420 1796 sicut
444 1765 588 1797 triticum

258 1810 396 1844 Satanas
422 1812 587 1854 cribravit,

206 1860 306 1900 Quem
335 1869 405 1892 cum
431 1861 515 1893 binis
538 1862 646 1903 impiis

204 1909 340 1949 Apertis
363 1918 424 1949 pro
451 1910 538 1942 vitiis

255 1956 352 1989 Cruci
377 1958 594 1999 mancipavit3

130 2005 170 2038 V.
206 2004 305 2046 Ecce,
332 2006 452 2039 iustum
478 2008 638 2047 quomodo

200 2052 247 2085 Et
272 2054 360 2094 quali
385 2055 588 2089 incommodo

249 2103 328 2136 Cum
354 2103 473 2144 iniquis
499 2105 627 2137 stravit.

139 2190 174 2223 3.
202 2188 311 2222 Solem
338 2190 451 2222 mundi
477 2191 681 2231 supprimere

202 2238 356 2271 Fallaces
385 2241 415 2270 et
442 2239 627 2279 opprimere

248 2285 416 2319 Conantur
441 2287 611 2333 insontem,

194 2334 339 2367 Mundus
365 2336 478 2376 nequit
503 2336 703 2369 abscondere

196 2383 334 2425 Iustum,
362 2393 456 2424 quem
483 2385 554 2416 vult
580 2386 738 2418 extollere

244 2431 335 2464 Deus
361 2441 460 2473 super
485 2436 645 2473 montem3

844 224 884 257 V.
918 224 973 257 Ad
999 226 1129 257 vitalem
1153 227 1217 259 iste
1242 227 1363 261 fontem

919 272 1014 305 Venit
1036 282 1167 306 currens
1190 275 1308 316 iugiter

962 321 1028 353 Per
1051 322 1205 355 virtutum
1230 328 1371 364 pontem.

855 416 888 449 4.
914 415 947 448 A
971 417 1097 449 vesanis
1122 421 1229 451 resteo

915 462 1095 496 Suffocatur
1120 465 1234 506 laqueo

964 511 1023 544 Vir
1047 512 1080 544 in
1106 511 1172 545 fide
1197 513 1303 556 fortis,

918 559 1049 592 Finitur
1074 562 1248 601 suspendio

915 606 1014 639 Nullo
1040 617 1158 641 nocens
1184 610 1262 642 vitio

964 655 1068 688 Causa
1094 665 1206 689 carens
1229 659 1361 700 mortis;

841 703 881 735 V.
915 703 984 743 Qua
1009 713 1182 744 suspensus
1208 704 1324 748 fuerat,

960 750 1111 784 Floreret
1134 757 1171 785 ut
1195 755 1302 797 restis,

912 799 1041 831 Meritis
1066 805 1239 842 acceperat

962 847 1085 888 Dignus
1110 849 1181 882 Deo
1207 851 1311 885 testis.

976 973 1023 1005 In
1050 974 1081 1007 3.
1107 974 1165 1006 No
1179 977 1341 1010 cturn0.

1055 1076 1102 1103 Ad
1124 1076 1257 1106 Cantica.

838 1162 878 1196 A.
911 1162 1135 1206 colomannus,
1163 1164 1269 1204 gratia

957 1211 1052 1243 Felix
1077 1213 1110 1242 et
1132 1212 1277 1255 insignis,

909 1259 1026 1300 Fulget
1051 1259 1085 1290 in
1112 1261 1249 1293 ecclesia

957 1307 1085 1339 Meritis
1111 1311 1144 1339 et
1166 1308 1277 1349 signis.

1048 1422 1259 1458 Responsoria.

847 1518 879 1552 1.
907 1518 1001 1550 Mens
1027 1519 1164 1551 rimetur
1188 1521 1330 1563 stupida,

905 1566 955 1598 De
982 1575 1078 1599 carne
1104 1569 1189 1608 quod
1215 1569 1309 1602 arida

955 1614 1058 1647 Cruor
1084 1616 1191 1648 calens
1217 1621 1336 1661 manat,

903 1662 1055 1695 Membra
1078 1665 1261 1705 paralytica

903 1711 1034 1743 Virtute
1059 1711 1204 1744 salvifica

952 1759 1011 1800 Qui
1037 1765 1185 1792 recenter
1210 1764 1320 1803 sanat3

830 1807 870 1840 V.
904 1807 1009 1840 Tanta
1035 1808 1207 1852 mirabilia,

901 1855 1033 1888 Domini
1058 1858 1230 1900 magnalia,

953 1904 1063 1937 Omnis
1089 1905 1200 1947 lingua
1225 1909 1330 1940 canat.

842 2002 875 2034 2.
902 2001 1030 2041 Corpus
1055 2012 1089 2034 m
1114 2002 1315 2043 Hungariam

901 2050 1055 2083 Sanctum
1080 2051 1115 2083 in
1142 2052 1309 2092 angariam

950 2098 1054 2138 Regni
1078 2097 1254 2140 ferebatur,

901 2146 995 2186 Quod
1021 2147 1118 2187 paulo
1144 2151 1219 2187 post
1245 2148 1358 2180 Norici

899 2194 947 2227 Ut
971 2198 1147 2238 resumant,
1174 2196 1315 2236 supplici

948 2243 1051 2275 Prece
1075 2252 1133 2275 rex
1158 2246 1322 2284 precatur.

828 2291 869 2323 V.
903 2289 1106 2331 Sequebatur
1131 2291 1261 2324 siccitas

898 2338 944 2371 Et
968 2342 1076 2371 terrae
1102 2339 1268 2381 sterilitas,

898 2386 1017 2419 Fames
1044 2390 1077 2419 et
1101 2389 1283 2421 mortalitas

948 2435 1028 2468 Dira
1054 2436 1274 2477 grassabatur.
