1651 2700
202 252 234 284 3.

188 1088 223 1097 Ξ
187 1060 220 1067 ἲ

713 150 975 186 -118—

260 251 341 289 Ave,
367 251 491 289 martyr
515 249 665 289 pretiose,
887 249 919 281 4.
944 248 1026 288 Ave,
1052 249 1101 277 tot
1125 243 1367 276 candidatorum

309 297 429 329 Forma
451 296 635 337 patientiae,
992 294 1174 333 Martyrum
1199 288 1371 329 vexillifer,

259 344 485 384 Triumphavit
507 343 646 384 gloriose
946 343 1005 382 Qui
1031 341 1184 374 virtutum
1210 341 1305 378 atque
1329 345 1455 368 morum

308 393 463 432 Princeps
486 391 520 422 in
544 393 578 422 te
602 390 733 431 gloriae,
994 388 1123 422 Cunctis
1151 396 1184 419 es
1205 384 1357 428 odorifer,

261 440 322 481 Da,
348 442 385 471 ut
407 439 530 471 obstem
555 438 729 471 nebulosae
946 438 996 470 Tu
1020 444 1161 469 meorum
1187 437 1388 474 peccatorum

307 487 505 519 Daemonum
530 486 699 528 nequitiae,
994 484 1116 517 Veniae
1140 483 1185 515 sis
1210 480 1354 522 signifer,

262 535 336 567 Iesu
360 534 479 567 Christi
503 534 676 574 gaudiosae
947 532 993 565 Et
1015 531 1128 573 procul
1151 530 1229 562 mihi
1254 529 1409 561 malorum

314 581 493 623 Coniungar
518 581 660 614 militiae.
997 579 1046 612 Sit
1071 581 1201 611 exactor
1219 577 1338 610 letifer.

590 659 620 690 5.
647 657 728 698 Ave,
756 656 809 696 qui
833 665 903 688 cum
930 656 1067 688 delicato

692 704 760 736 Tuo
791 703 998 735 contubernio

645 751 795 783 Gaudens
820 751 854 782 in
880 750 1010 782 caelesti
1034 752 1127 789 prato

691 798 823 830 Frueris
850 798 1005 838 convivio,

642 845 829 876 Interventu
853 845 948 885 iunge
972 847 1063 884 grato

690 892 762 923 Tali
784 900 835 923 me
859 892 990 931 solacio,

643 939 689 972 Ut
714 939 847 972 conviva
873 947 943 970 cum
968 938 1062 970 beato

689 986 832 1027 Regnem
855 986 917 1018 Dei
943 985 1020 1019 filio.

264 1062 290 1089 A
310 1062 360 1089 fol.
381 1059 451 1089 7910.
470 1077 509 1081 —
530 1061 589 1089 Cfr.
608 1061 694 1089 Anal.
715 1062 769 1097 111,
794 1059 848 1089 187
869 1070 912 1098 sq.

643 1153 690 1184 23.
720 1154 764 1184 De
784 1155 891 1184 sancto
911 1152 1055 1193 Aegidio.

225 1250 233 1258 .
260 1226 341 1266 Ave,
368 1225 422 1264 qui
448 1224 487 1256 de
512 1224 640 1264 regibus
890 1226 920 1259 3.
947 1224 1028 1266 Ave,
1055 1224 1109 1263 qui
1130 1222 1299 1263 magnifica

307 1271 363 1312 Es,
389 1271 516 1314 Aegidi,
540 1274 644 1311 natus,
993 1271 1112 1311 Fulges
1138 1271 1294 1313 claritate,

263 1319 397 1351 Litteris
423 1321 455 1350 et
477 1318 618 1350 moribus
944 1320 1085 1359 Aegrum
1112 1319 1187 1350 data
1208 1318 1318 1350 tunica

312 1366 417 1398 Sacris
443 1369 622 1406 exornatus
995 1366 1095 1399 Guras
1120 1366 1284 1407 sospitate,

262 1414 353 1446 Meos
378 1413 441 1445 tuis
466 1413 615 1453 precibus
947 1413 1042 1446 Solve
1068 1414 1108 1446 de
1132 1413 1279 1446 malefica

311 1461 472 1500 Absterge
495 1462 613 1501 reatus,
993 1462 1047 1493 Me
1071 1462 1284 1501 perversitate

262 1510 309 1543 Ut
333 1509 375 1540 sit
398 1517 466 1540 cum
494 1506 642 1540 felicibus
948 1509 1072 1541 Ornaus
1097 1517 1148 1540 me
1175 1508 1289 1541 deifica

311 1555 405 1588 Felix
429 1565 517 1587 meus
543 1558 654 1588 status.
994 1555 1114 1588 Christi
1140 1557 1284 1589 caritate.

262 1634 343 1673 Ave,
371 1632 482 1664 mundi
505 1632 645 1664 toxicum
886 1634 919 1665 4.
945 1634 1026 1675 Ave,
1053 1633 1107 1673 qui
1129 1642 1188 1673 per
1211 1632 1312 1665 filium

311 1680 371 1719 Qui
395 1678 478 1720 fugis
503 1679 645 1717 vitando,
992 1680 1092 1713 Ducis
1118 1681 1306 1713 suscitatum

261 1728 412 1762 Ordinem
437 1727 645 1759 monast-icum
946 1728 1015 1768 Ipsi
1042 1728 1115 1760 duci
1140 1729 1290 1769 gaudium

308 1775 433 1807 Devote
458 1775 622 1814 sectando,
993 1776 1136 1808 Exhibes
1161 1779 1315 1820 optatum,

260 1824 431 1856 Peccatum
456 1821 616 1854 tabificum
947 1824 978 1855 A
1002 1832 1053 1855 me
1076 1833 1174 1864 prece
1198 1825 1341 1865 spurium

309 1870 400 1910 Fuga
426 1870 466 1901 de
490 1878 541 1901 me
567 1870 683 1910 dando,
993 1871 1136 1904 Demove
1158 1875 1327 1912 peccatum

262 1918 308 1951 Ut
332 1917 500 1950 ascendam
528 1917 680 1949 caelicum
948 1918 1088 1951 Sortium
1114 1920 1298 1952 caelestium

308 1965 471 1997 Thronum
499 1964 674 1998 iubilando.
994 1966 1114 1998 Locum
1139 1967 1298 2007 praebens
1323 1972 1462 2010 gratumx

588 2043 619 2076 5.
646 2042 726 2084 Ave,
753 2041 807 2081 qui
831 2042 873 2073 ad
897 2042 1006 2074 sidera

690 2089 788 2122 Volas
814 2087 1014 2134 festinanter,

642 2137 712 2169 Tua
732 2137 830 2169 tende
853 2138 979 2170 viscera

692 2184 796 2224 Super
819 2193 871 2217 me
896 2188 1074 2227 gratanter,

641 2232 719 2273 Fac,
745 2234 782 2264 ut
801 2233 913 2265 mundi
937 2243 1094 2274 prospera

692 2280 898 2313 Contemnam
925 2285 1113 2315 constanter

643 2329 688 2361 Et
710 2331 815 2360 tecum
840 2329 883 2361 ad
907 2329 1040 2362 aethera

691 2377 908 2410 Conscendam
934 2377 1104 2411 laetanter.

261 2443 287 2470 A
307 2442 357 2471 fol.
380 2440 415 2471 13
423 2443 451 2471 b.
