1651 2700
317 216 362 249 In
390 219 422 252 2.
449 217 684 254 Nocturno.

399 293 600 331 Antiphonae.

196 350 230 383 1.
257 350 364 384 Huius
390 353 448 394 tui,
476 353 622 397 Domine,

304 399 352 433 Ob
379 409 493 441 preces
519 402 613 434 amici

254 447 369 479 Turris
394 449 438 481 sis
465 459 485 481 a
506 449 636 482 turbine

301 495 405 528 Nobis
429 497 564 531 inimici.

190 584 222 615 2.
249 580 291 615 In
316 582 386 615 Deo
413 583 604 617 laudabitur

299 630 406 672 Digne
431 631 492 664 iste
520 633 634 675 iustus,

252 678 400 711 Laudum
430 680 640 713 decorabitur

298 727 452 759 Floribus
479 733 644 764 venustus,

190 815 222 847 3.
249 813 369 847 Beatus
396 818 454 854 est,
481 816 629 858 Domine,

297 862 372 904 Hic,
399 872 493 904 quem
519 864 657 907 elegisti,

250 910 349 950 Quem
376 911 409 943 in
434 914 490 943 tuo
517 913 673 952 sanguine

297 959 372 991 Tibi
398 960 631 1001 conscripsisti,

188 1046 222 1078 4.
248 1045 462 1078 Peccatorum
491 1055 621 1088 cornua,

294 1093 394 1134 Deus,
422 1092 621 1134 confregisti,

246 1140 331 1180 Quos
358 1141 479 1173 virtute
503 1144 637 1174 strenua

294 1188 399 1220 Huius
424 1189 642 1229 prostravisti.

189 1277 221 1309 5.
248 1275 387 1308 Nuntiat
410 1276 565 1308 iustitiam

293 1324 498 1357 Dominantis
526 1324 606 1356 caeli

245 1372 342 1405 Viam
372 1373 451 1404 dans
475 1373 518 1405 ad
545 1373 682 1413 patriam

295 1420 420 1460 Populo
446 1419 545 1454 fideli.

184 1510 215 1542 6.
242 1507 304 1540 Dei
330 1507 515 1540 testimonia

294 1555 375 1595 Quia
401 1556 587 1596 custodivit,

247 1603 376 1637 Gaudia
403 1604 556 1636 caelestia

291 1652 413 1685 Laetus
439 1652 597 1688 introivit.

379 1747 591 1783 Responsoria.

183 1806 217 1839 1.
243 1804 365 1846 Legem
392 1806 607 1846 evangelicam

241 1854 422 1894 Fidemque
448 1854 638 1887 catholicam

289 1902 331 1935 Os
357 1902 597 1936 Bartholomaei

239 1951 387 1991 Principi
412 1952 583 1992 proposuit

238 1999 375 2031 Modum
402 2003 434 2031 et
456 2000 607 2041 exposuit

287 2048 452 2081 Incarnati
479 2048 554 2089 Dei,

165 2095 203 2130 V.
238 2096 311 2129 Rex
336 2096 377 2129 ab
403 2097 557 2129 idolatria

285 2145 333 2179 Ut
357 2145 500 2186 recedat,

282 2193 354 2226 Deo
381 2193 505 2233 credat,

235 2242 297 2283 Qui
323 2242 446 2274 creavit
471 2243 587 2275 omnia.

174 2330 206 2363 2.
233 2328 388 2361 Pontifex
415 2338 486 2362 cum
512 2330 649 2363 subdolo

232 2376 333 2410 Libas
358 2377 442 2410 libat
465 2378 564 2420 idolo,

280 2425 426 2459 Daemon
453 2435 563 2460 vocem
592 2427 707 2460 dabat:

953 226 1095 268 cessate,
1122 237 1140 260 o
1166 229 1285 270 miseri,

947 274 998 306 Ne
1023 284 1079 307 vos
1104 275 1188 317 ignis
1212 275 1311 309 inferi

995 322 1086 355 Sicut
1109 332 1161 355 me
1183 323 1333 367 invadat3

875 370 916 403 V.
950 370 1048 409 Ligat
1071 370 1247 404 infeliciter

994 418 1138 458 Angelus
1163 428 1214 451 me
1239 420 1312 462 Dei,

947 464 1157 500 Confixerunt
1182 468 1323 508 turpiter

995 513 1094 553 Quem
1121 515 1208 547 cruci
1232 515 1357 552 Iudaei.

890 611 922 643 3.
948 610 1094 642 Daemon
1117 609 1239 652 frangit
1262 615 1412 654 statuam,

945 657 1080 691 Gentem
1105 667 1166 699 per
1190 669 1284 699 quam
1310 660 1431 693 fatuam

993 706 1110 738 Morbo
1137 707 1343 750 dementavit,

945 753 1010 786 Sua
1035 753 1141 787 fracta
1165 765 1305 796 propere

943 802 1098 842 Reliquas
1126 803 1256 836 diruere

994 849 1124 883 Statuas
1150 851 1263 885 hiavit.

871 895 915 931 V.
950 898 1053 930 Idolis
1078 899 1242 939 gentilitas

994 946 1074 979 Cum
1098 947 1225 990 libavit,

994 992 1161 1026 Cruciavit

941 1041 1048 1082 Magis
1074 1041 1157 1073 hanc
1182 1041 1363 1074 infirmitas,

882 1137 915 1169 4.
942 1136 1051 1169 Oculis
1078 1136 1279 1168 daemonium

939 1183 1004 1216 Dei
1028 1193 1141 1216 servus
1167 1184 1308 1216 omnium

989 1232 1116 1264 Pernox
1143 1233 1378 1272 praesentavit:

939 1279 1039 1319 Ecce,
1066 1280 1180 1323 inquit,
1207 1280 1382 1312 comminus

938 1328 1055 1360 Vester
1079 1330 1165 1360 astat
1191 1328 1347 1371 dominus,

986 1376 1046 1417 Qui
1071 1385 1129 1408 vos
1154 1374 1346 1417 fascinavit,

865 1423 905 1458 V.
939 1424 979 1456 In
1006 1424 1168 1456 desertum
1195 1424 1351 1464 pervicax

984 1473 1093 1513 Fugat
1117 1472 1248 1504 brutum

984 1520 1065 1552 Tam
1091 1523 1266 1563 versutum,

937 1567 987 1600 Sit
1010 1571 1048 1600 ut
1072 1568 1115 1600 ad
1140 1569 1186 1600 nil
1212 1567 1340 1601 efficax.

1001 1713 1045 1745 In
1074 1714 1106 1747 3.
1131 1713 1362 1746 Nocturno.

1081 1798 1128 1826 Ad
1148 1799 1282 1828 Cantica.

861 1868 903 1902 A.
940 1867 1075 1901 Cantica
1099 1869 1245 1901 laetitiae

981 1917 1111 1950 Meritis
1136 1917 1314 1958 praecelsis

933 1965 993 1998 Vir
1019 1965 1189 1998 mirandae
1214 1966 1339 2007 gratiae

983 2014 1100 2046 Psallit
1123 2014 1156 2046 in
1184 2014 1330 2048 excelsis

1071 2119 1283 2155 Responsoria.

873 2187 905 2221 1.
931 2187 1039 2228 Opere
1061 2186 1210 2229 mirifico,

933 2236 1074 2269 Precatu
1099 2235 1245 2268 salvifico

980 2284 1072 2316 Tunc
1096 2284 1366 2316 Bartholomaeus

933 2332 1090 2373 Sospitati
1117 2332 1283 2365 credulum

929 2379 996 2412 Dat
1020 2383 1185 2421 aegrotum
1211 2381 1377 2423 populum,

978 2427 1211 2470 Laudaturque
1235 2429 1342 2470 Deus3
