1651 2700
701 114 964 150 —207—

208 237 214 243 .
241 209 289 241 Te
313 209 475 250 laudeque
501 208 667 252 confiteor,

242 256 408 299 Glorifico,
433 256 614 299 magnifico,

239 305 415 347 Benedico,
442 303 567 349 te(que)
595 315 741 348 veneror,

239 354 354 387 Adoro
380 357 476 394 teque
500 354 610 395 diligo,

240 402 288 434 Te
314 411 403 444 rogo,
431 411 558 444 precor,
587 402 746 442 deprecor

241 450 287 482 Et
311 450 370 482 tibi
397 458 525 490 semper
551 450 710 490 supplico.

207 548 215 555 .
241 522 281 555 In
306 524 339 553 te
364 518 560 566 laetor[que]
588 523 712 561 gaudeo

241 570 441 609 Cantumque
466 578 577 602 vocem
602 570 764 612 intonans,

244 619 281 651 ln
307 621 341 649 te
366 616 504 659 confido,
527 626 653 659 maneo,

241 666 297 698 Ad
322 669 355 697 te
382 666 526 698 clamabo
553 666 702 709 vigilans,

241 714 280 746 ln
306 717 338 745 te
365 714 502 746 cantabo
528 714 640 756 iubilo,

242 762 291 794 Tu
317 762 490 794 miserator
515 762 673 795 iudicans.

208 861 215 868 .
244 834 281 866 In
305 838 337 866 te
364 833 501 877 confido,
529 834 677 876 Domine,

240 883 291 915 Tu
317 881 409 924 fides,
437 891 537 922 amor,
566 883 694 925 caritas,

240 931 290 963 Tu
317 930 418 962 virtus
445 939 478 962 es
504 931 537 962 in
564 931 692 962 homine

240 978 408 1020 Salusque‚
437 978 513 1017 vita,
541 979 671 1019 veritas,

238 1026 288 1058 Tu
311 1034 440 1066 semper
467 1035 499 1057 es
524 1026 558 1057 111
583 1026 714 1067 1111111115,

239 1075 306 1113 Quo
331 1074 410 1105 mihi
435 1072 539 1114 fulget
564 1074 705 1108 01311135.

202 1171 209 1178 .
237 1145 275 1177 111
302 1148 335 1176 15
359 1145 543 1185 gloriorque
568 1154 674 1187 spero,

236 1192 317 1224 Dico
343 1192 403 1224 tibi
428 1201 557 1231 semper
581 1192 735 1232 Sanctus,

235 1240 305 1280 Ego
334 1243 448 1272 cuncta
474 1240 507 1271 in
533 1243 566 1271 te
591 1249 679 1282 gero,

239 1288 315 1320 Fiat
337 1288 396 1320 tibi
422 1297 550 1327 semper
573 1292 695 1330 cantus,

237 1336 283 1368 Te
309 1336 342 1368 in
370 1336 492 1368 cunctis
518 1336 623 1368 Deum
649 1345 778 1377 quaero,

237 1384 366 1425 Regnas
400 1393 498 1424 super
523 1393 632 1416 omnes
660 1387 801 1419 sanctus,

907 213 936 246 7.
965 212 1048 244 Nam
1074 221 1133 253 ago
1158 212 1219 243 tibi
1243 212 1375 255 gratias,

963 260 1038 292 Sum
1064 260 1125 292 tibi
1151 263 1258 301 grates
1285 258 1439 303 referens,

961 309 1010 340 Tu
1045 307 1153 341 aufers
1181 311 1311 341 cunctas
1338 308 1499 351 tenebras,

961 356 1007 388 Es
1032 357 1140 389 lumen
1165 357 1264 389 vitam
1290 357 1469 397 porrigens,

960 404 1008 436 Tu
1035 413 1085 436 me
1110 405 1230 437 salvari
1257 403 1369 447 facias,

961 452 1010 484 Tu
1034 462 1175 484 summus
1201 462 1246 495 es,
1274 453 1488 493 omnipotens,

902 523 934 557 8.
960 523 1123 563 Exspecto
1149 528 1192 565 te,
1218 525 1371 564 sustineo,

961 571 998 603 In
1025 574 1057 602 te
1083 575 1184 603 totum
1210 581 1260 603 me
1285 571 1422 614 firmavi,

962 618 1046 650 Nam
1072 619 1141 651 sine
1166 622 1199 651 te
1221 620 1285 651 iam
1311 628 1419 662 pereo,

961 666 1032 708 Ego
1059 677 1128 699 sum
1153 667 1186 699 111
1212 676 1318 707 poena
1343 668 1444 709 gravi,

960 716 1000 747 In
1026 718 1058 746 te
1083 724 1156 747 nam
1182 716 1266 753 vivo⁷
1294 716 1429 756 gaudeo,

962 763 1016 795 Ad
1040 766 1073 795 te
1097 764 1263 804 clamoque
1290 764 1434 797 clamavi.

904 836 937 867 9.
965 834 1046 867 Nam
1072 836 1270 875 spiritusque
1295 836 1421 867 animae

963 883 1010 915 Te
1034 883 1169 915 laudent
1193 883 1296 915 Deum
1313 883 1497 925 Dominum,

963 930 1012 963 Sit
1037 932 1140 962 virtus
1166 931 1246 962 haec
1270 932 1303 963 in
1327 931 1456 963 homine

962 979 1000 1011 In
1027 979 1242 1019 cordibusque
1268 979 1431 1011 hominum

961 1027 1013 1058 Ad
1040 1029 1135 1066 teque
1160 1035 1274 1067 mares,
1303 1025 1441 1058 feminae

961 1073 1108 1105 Clament
1133 1078 1295 1105 auctorem
1324 1075 1475 1107 omnium.

883 1145 938 1177 10.
964 1145 1018 1177 Ad
1045 1146 1078 1175 te
1103 1144 1258 1185 clamabo,
1285 1145 1383 1186 vigilo

959 1192 1004 1224 Et
1028 1201 1099 1223 sum
1123 1191 1166 1223 ad
1192 1195 1224 1223 te
1248 1191 1441 1233 vociferans,

959 1240 1006 1272 Te
1031 1239 1134 1271 Deum
1162 1248 1291 1281 quaero,
1318 1241 1432 1272 invoco

960 1287 1006 1320 Et
1031 1297 1100 1319 sum
1127 1287 1167 1319 ad
1195 1292 1273 1328 port:
1293 1297 1320 1319 m
1346 1289 1496 1330 incitanS,

961 1336 1009 1367 Te
1033 1344 1150 1377 precor
1177 1336 1289 1378 Deum,
1318 1337 1432 1376 rogito,

961 1383 1009 1415 Tu
1045 1393 1078 1415 es
1104 1387 1299 1424 praeceptor
1323 1384 1496 1424 imperanS.

573 1480 620 1513 33.
661 1481 753 1513 Homo
776 1481 854 1513 dicit
873 1481 936 1513 Deo
960 1480 1097 1513 Domino.

203 1577 210 1585 .
238 1553 263 1585 O
289 1552 333 1584 mi
359 1552 458 1594 Deus,
487 1553 652 1594 miserere,

234 1601 453 1642 Recognosce,
480 1610 550 1632 sum
576 1604 738 1643 peccator,

239 1649 296 1681 Pie
321 1657 431 1690 parce,
460 1650 623 1690 miserere,

239 1697 290 1729 Tu
316 1706 349 1729 es
376 1697 448 1737 pius
473 1697 654 1739 miserator,

239 1745 395 1778 Miseriae
417 1745 582 1787 miserere,

239 1793 329 1826 Deus
355 1802 455 1836 meus,
483 1803 516 1826 es
543 1795 695 1827 salvator.

204 1891 211 1899 .
239 1866 287 1898 Te
312 1875 468 1898 summum
493 1866 589 1898 credo
607 1866 801 1908 principem,

236 1914 418 1947 Habentem
444 1918 476 1946 te
501 1915 684 1956 imperium,

236 1963 293 1995 Me
318 1962 420 1995 facias
446 1963 640 2004 participem

236 2012 292 2045 Ad
318 2012 436 2044 bonum
462 2015 550 2044 tuum
578 2011 769 2054 praemium,

234 2060 284 2093 Tu
310 2069 361 2092 me
386 2065 519 2101 recepta
546 2061 697 2104 debilem,

235 2109 286 2141 Ne
312 2109 445 2142 claudas
471 2109 552 2141 mihi
578 2109 746 2150 gremium.

198 2208 207 2217 .
233 2182 336 2214 Tuum
362 2183 471 2223 iugum
496 2187 547 2215 est
571 2191 680 2223 suave,

235 2231 351 2263 Manet
375 2240 456 2263 onus
482 2234 572 2263 tuum
599 2231 679 2275 leve,

237 2279 320 2312 Dico
346 2288 475 2321 semper
499 2280 560 2312 tibi
584 2278 666 2320 Ave,

232 2327 290 2361 Me
315 2329 454 2371 custodi,
480 2337 577 2361 manu
603 2331 687 2370 tene,

234 2376 284 2408 Tu
292 2386 356 2409 non
364 2378 500 2410 mandas
508 2377 685 2417 quidquam
691 2384 800 2417 grave,

233 2424 283 2456 Tu
310 2428 444 2458 exactor
468 2435 544 2458 raro
570 2433 706 2465 poenae.

875 1554 909 1585 4.
935 1552 1002 1584 Iam
1030 1555 1081 1584 tua
1111 1552 1275 1584 miseratio

933 1600 1016 1633 Mihi
1045 1601 1150 1632 veniat
1176 1601 1336 1640 peccanti,

935 1648 985 1681 Sit
1009 1649 1100 1680 salva
1124 1648 1203 1680 mihi
1229 1649 1347 1689 portio,

935 1697 1017 1729 Nam
1046 1697 1183 1729 contrito
1212 1696 1379 1730 confitenti

933 1747 982 1779 Tu
1009 1745 1088 1777 1111111
1113 1745 1157 1777 sis
1183 1745 1359 1785 protectio,

932 1794 1091 1825 Miserere
1117 1794 1306 1833 paenitenti.

898 1892 904 1899 .
932 1866 1096 1906 Exspecto
1124 1869 1165 1910 te,
1194 1867 1346 1909 sustineo,

930 1916 969 1948 In
994 1918 1027 1947 te
1053 1913 1178 1947 firmavi
1205 1924 1335 1959 ancora,

931 1963 1009 1996 Mea
1034 1967 1171 2004 peccata
1197 1962 1299 1996 defleo

931 2012 977 2045 Et
1001 2012 1062 2044 tibi
1087 2016 1180 2044 canto
1208 2013 1344 2055 cithara,

931 2062 970 2094 In
995 2066 1028 2094 te
1054 2061 1193 2101 speravi,
1221 2062 1356 2104 gaudeo,

932 2110 981 2142 Tu
1007 2118 1059 2141 me
1085 2118 1204 2141 corona
1230 2110 1342 2150 gloria.

896 2207 904 2214 .
930 2181 1052 2214 Divina
1074 2182 1240 2214 miseratio

934 2230 991 2262 Me
1017 2230 1197 2271 comitetur,
1225 2230 1337 2271 societ,

937 2277 986 2309 Sit
1011 2278 1141 2309 humilis
1168 2278 1271 2310 oratio

934 2325 1068 2366 Deoque
1095 2328 1213 2367 cantet,
1240 2326 1362 2369 iubilet,

935 2373 1117 2415 Sanctaque
1143 2374 1262 2407 Christi
1288 2375 1397 2415 passio

934 2421 1105 2456 confortet
1127 2432 1250 2463 nosque
1271 2423 1414 2458 roboret.
