1651 2700
691 144 951 180 —143—

554 242 600 274 63.
641 244 685 276 De
706 253 729 276 s.
751 246 854 280 Maria
875 250 1075 291 magdalena.

167 316 200 350 1.
227 318 309 361 Ave,
337 330 418 360 quae
446 323 486 355 de
511 324 616 356 noxiis

225 367 332 400 Maria
358 368 483 402 deliciis

275 416 374 457 Fugis
400 417 605 461 Magdalena‚

225 462 336 504 Surgis
365 465 405 497 de
430 465 575 500 facinore

223 511 269 543 Et
293 516 401 544 mente
427 517 460 546 et
486 524 622 557 corpore

270 560 418 593 Puritate
442 563 555 603 plena3

219 606 291 639 Tali
317 609 412 641 modo
439 609 551 652 fugere

217 654 274 687 Me
302 654 354 688 fac
380 660 411 689 et
437 659 576 691 evadere

269 703 428 737 Vitiorum
455 705 557 748 frena,

222 750 292 783 Nec
316 752 379 784 iam
406 754 485 786 mihi
511 756 671 799 placeant,

221 798 285 832 Sed
311 809 445 840 prorsus
473 803 668 844 displiceant

269 847 407 881 Sceleris
436 860 568 885 venena.

161 923 193 956 2.
220 925 301 965 Ave,
330 935 411 966 quae
436 937 500 960 non
528 929 651 962 deseris

219 972 402 1015 Dominum,
430 985 523 1016 quem
550 979 704 1022 sequeris,

267 1022 430 1061 Quaerens
455 1024 660 1070 lamentaris;

213 1068 301 1109 Ergo
327 1072 433 1111 prima
459 1072 623 1106 hominum

216 1116 265 1148 Tu
291 1118 404 1150 videre
429 1119 602 1152 Dominum

260 1165 481 1206 Privilegiaris
493 1179 500 1207 ς

214 1212 275 1245 Dei
300 1214 421 1253 praebe
447 1214 548 1247 filium

212 1260 281 1292 Mei
307 1262 415 1294 cordis
441 1264 603 1305 gaudium,

260 1309 368 1342 Oculis
394 1314 431 1342 ut
456 1311 553 1344 claris

211 1356 307 1388 Hunc
331 1358 443 1390 videre
466 1360 590 1392 valeam

210 1403 254 1436 Et
278 1406 326 1437 sic
351 1409 455 1438 tecum
482 1409 639 1448 gaudeam

279 1453 324 1485 Et
350 1463 421 1486 cum
447 1455 508 1488 Dei
534 1458 628 1491 caris.

148 1529 180 1562 3.
208 1531 279 1561 Ave
305 1534 348 1572 tu,
376 1541 458 1572 quae
482 1534 593 1573 spuria

205 1578 309 1610 Huius
334 1581 446 1612 mundi
472 1582 591 1621 gaudia

253 1626 349 1660 Felix
375 1629 540 1671 horruisti,

205 1673 425 1715 Supernorum
451 1679 547 1710 avida

201 1722 356 1755 Eremum
381 1725 532 1759 intimida

251 1771 410 1804 Constans
434 1774 587 1816 introisti,

920 331 985 364 Ubi
1011 342 1031 365 a
1057 335 1249 368 caelestibus

920 379 1090 414 Consolari
1115 383 1237 416 civibus

967 427 1072 469 Saepe
1095 432 1260 472 meruisti3

919 474 972 506 Sic
996 477 1074 509 mihi
1099 479 1220 512 solacia

917 522 1020 555 Defer
1043 525 1219 566 singularia

963 571 1003 603 In
1028 572 1089 604 hoe
1113 575 1233 607 mundo
1258 576 1355 609 tristi.

881 676 887 683 ,
915 648 986 680 Ave
1010 652 1056 691 tu²
1084 659 1166 691 quae
1192 652 1320 686 caelicis

913 696 1001 729 Cibis
1027 701 1060 730 et
1083 699 1237 739 angelicis

961 745 1007 777 Es
1034 746 1136 778 cibari
1162 748 1269 789 digna,

913 791 976 824 Dei
1001 795 1033 825 te
1059 795 1229 828 elementia

913 840 1019 873 Tanta
1042 846 1133 882 pavit
1157 844 1261 884 gratia

961 888 1074 922 Dulcis
1101 894 1132 922 et
1157 891 1313 933 benigna3

912 936 1083 969 Alimentis
1109 939 1228 971 talibus

908 984 986 1016 Tuis
1011 986 1131 1018 sanctis
1155 987 1306 1027 precibus

958 1032 1014 1064 Me
1041 1033 1170 1073 dignum
1198 1037 1349 1077 consigna

910 1078 972 1119 Sic,
1000 1083 1035 1111 ut
1059 1082 1148 1113 nulla
1173 1084 1306 1122 crapula

907 1126 963 1157 Me
988 1128 1040 1159 vel
1066 1130 1172 1161 carnis
1197 1131 1322 1163 macula

957 1174 1086 1207 Polluat
1110 1177 1260 1217 maligna.

872 1276 880 1283 .
905 1252 986 1291 Ave,
1014 1261 1095 1292 quae
1119 1254 1163 1285 acl
1188 1255 1306 1295 gaudia

905 1300 992 1332 Vera
1018 1303 1049 1332 et
1073 1299 1183 1334 felicia

952 1347 1103 1381 Festinas
1130 1353 1324 1390 sanctorum,

906 1395 987 1427 Nam
1014 1397 1056 1428 ad
1082 1398 1239 1430 sodalicia

903 1443 992 1475 Pura
1018 1448 1050 1476 et
1074 1447 1229 1486 perennia

949 1491 1054 1533 Digne
1079 1494 1199 1526 transis
1224 1495 1357 1536 horum3

902 1540 991 1571 Tuae
1015 1542 1121 1581 precis
1148 1543 1254 1583 gratia

902 1587 1025 1620 Cuncta
1051 1590 1123 1621 dele
1148 1591 1244 1623 noxia

949 1635 1112 1669 Scelerum
1137 1648 1290 1683 meorum,

898 1684 1095 1724 Superorum
1121 1687 1217 1730 socia,

895 1732 952 1764 Me
977 1736 1083 1765 tecum
1109 1736 1258 1767 consocia

946 1782 1060 1814 Choris
1086 1783 1283 1823 angelorum.

203 1847 230 1874 A
249 1847 301 1875 fol.
328 1846 398 1876 80a.
421 1863 459 1869 —
484 1851 508 1878 B
530 1852 580 1879 fol.
613 1851 702 1882 248a.
724 1869 761 1874 —
796 1853 821 1890 1,
844 1855 860 1883 7
882 1857 949 1885 Tali
971 1858 1045 1885 fehlt
1064 1859 1097 1886 B.
1120 1874 1157 1878 —
1183 1858 1209 1894 2,
1230 1858 1248 1888 8
1269 1861 1375 1889 Coi-dis
1401 1863 1461 1890 mei

125 1884 160 1912 A.
176 1900 214 1904 —-
235 1883 262 1920 3,
284 1884 302 1913 2
321 1887 428 1915 Mundi
449 1888 541 1918 huius
564 1891 599 1919 A.
615 1908 652 1912 —
672 1893 710 1920 In
727 1893 753 1921 A
774 1895 835 1922 und
854 1896 878 1923 B
906 1898 1037 1932 spiiterer
1050 1898 1203 1935 Nachtrag
1223 1908 1282 1927 von
1304 1900 1355 1928 der
1369 1900 1461 1929 Hand

124 1923 175 1952 des
196 1925 379 1961 Verfassers,
400 1928 432 1954 in
453 1929 477 1956 Β
498 1930 572 1957 iiber
594 1930 645 1959 der
665 1932 869 1961 ausradierten
890 1936 940 1963 Nr.
964 1933 1009 1963 62.

582 2034 629 2066 64.
669 2036 713 2068 De
734 2040 846 2069 saneta
866 2039 1002 2072 Martha.

138 2110 169 2145 1.
196 2111 278 2152 Ave,
304 2113 438 2147 Martha
462 2116 586 2157 inclita,

241 2160 368 2194 Decens
391 2166 424 2195 et
448 2162 600 2209 formosa,

193 2207 372 2243 Salvatoris
398 2212 537 2255 hospita,

238 2258 323 2291 Tota
347 2261 499 2301 gratiosa,

191 2305 254 2338 Per
279 2307 408 2341 virtutis
434 2310 551 2343 merita

237 2355 327 2388 Tuae
352 2357 494 2398 gloriosa

188 2402 313 2436 Cuncta
337 2406 428 2438 solve
454 2407 565 2441 debita

232 2451 309 2484 Mea
333 2454 504 2489 scelerosa.

832 2123 864 2155 2.
891 2123 972 2163 Ave,
1000 2121 1086 2155 fame
1111 2126 1256 2156 tenerum

941 2170 1064 2211 Corpus
1090 2180 1172 2212 quae
1198 2171 1325 2213 fregisti

891 2218 1163 2260 Submersumque
1188 2229 1322 2260 puerum

940 2267 1033 2299 Vitae
1058 2268 1245 2308 reddidisti,

887 2315 944 2347 Me
970 2316 1010 2347 de
1034 2318 1139 2347 morte
1164 2317 1321 2348 scelerum

938 2362 1025 2395 Sorti
1051 2364 1153 2396 redde
1179 2365 1301 2398 Christi

886 2412 1024 2444 Addens
1050 2421 1178 2445 cursum
1203 2423 1396 2454 prosperum

936 2460 1008 2493 Hoc
1032 2461 1068 2493 in
1093 2462 1213 2494 mundo
1238 2463 1335 2498 tristi.
