1651 2700
703 133 965 168 -126—

612 227 660 258 35.
700 226 744 258 De
765 227 871 258 sancto
893 225 1060 258 Bernardo.

194 293 224 326 1.
252 295 332 333 Ave,
358 296 451 333 pater
477 293 712 335 monachorum,
879 293 910 325 3.
937 293 1017 332 Ave,
1045 292 1099 332 qui
1123 289 1315 322 illecebrosa

296 341 465 380 Speculum
491 343 523 371 et
547 340 667 380 regula,
984 339 1149 372 Horruisti
1180 337 1325 377 crimina,

248 389 411 421 Virtutum
434 397 491 420 vas
516 391 548 419 et
571 388 736 430 honorum,
938 388 1025 429 Ergo
1053 387 1132 418 caeli
1158 385 1314 426 gaudiosa

297 436 389 469 Omni
414 444 524 467 carens
550 436 685 477 macula,
986 433 1207 467 Conscendisti
1234 432 1383 473 culmina,

250 485 274 517 O
301 483 477 523 Bernarde,
506 484 602 515 decus
629 493 760 523 morum,
938 483 1014 523 Fac,
1044 485 1079 513 ut
1104 481 1208 514 carnis
1237 480 1351 512 vitiosa

295 531 355 571 Qui
379 531 473 563 ardes
499 533 535 562 ui:
560 530 676 570 facula,
987 531 1140 569 Superem
1166 528 1352 568 certamina,

248 578 295 610 Te
318 579 448 610 iuvante
472 581 677 618 peecatorum
937 578 1013 610 Mea
1035 586 1124 608 mens
1148 577 1190 608 sit
1215 576 1357 608 virtuosa

297 626 368 657 Non
394 635 445 657 me
468 626 628 666 stringant
653 626 790 658 vincula.
987 625 1057 657 Tua
1081 633 1140 664 per
1166 623 1359 663 precamina.

191 699 222 729 2.
248 698 328 740 Ave,
356 706 373 729 o
400 700 494 737 pater
519 697 621 738 beate,
878 697 911 729 4.
936 697 1017 738 Ave,
1045 696 1134 727 sidus
1160 698 1195 727 ut
1220 696 1326 727 solare

297 744 372 776 Mea
397 753 471 783 spes
494 747 525 775 et
553 744 729 785 brachium,
986 743 1045 781 Qui
1071 742 1174 783 fulges
1200 751 1281 782 prae
1306 742 1433 782 ceteris„

248 791 360 823 Dulcis
386 794 418 823 et
444 791 635 830 desiderate,
938 791 1046 822 Meum
1070 791 1143 822 veni
1169 799 1348 830 expurgare

298 838 421 871 Corona
447 841 478 869 et
500 838 661 878 gaudium,
986 838 1050 870 Gor
1074 847 1092 869 a
1118 838 1214 870 sorde
1239 837 1371 869 sceleris

250 886 411 919 Passionis
434 886 467 917 in
492 894 543 917 me
568 889 663 917 natae
938 885 980 916 Et
1007 885 1039 916 in
1067 885 1182 916 bonum
1210 887 1405 916 commutare

297 933 513 973 Exstinguens
536 933 719 964 incendium
986 932 1094 964 Mores
1122 933 1207 964 vitae
1232 933 1362 972 veteris,

252 980 490 1012 Benedictionis
517 986 628 1020 gratae
939 979 1096 1019 Vitaeque
1124 980 1322 1020 participare

299 1028 392 1061 Stilla
417 1027 627 1060 stillicidium.
988 1026 1144 1067 Concede,
1171 1037 1234 1067 qua
1258 1026 1388 1061 frueris,

523 1101 554 1132 5.
581 1100 661 1136 Ave,
688 1099 741 1138 qui
766 1099 830 1129 iam
855 1099 1040 1130 iucundaris

627 1145 705 1178 Cum
732 1149 913 1178 sanctorum
940 1146 1080 1186 milibus,

581 1193 731 1234 Subveni,
758 1202 800 1225 ne
823 1194 933 1225 mundi
957 1194 1055 1224 maris

627 1241 753 1273 Obruar
775 1241 809 1272 in
834 1239 984 1272 fluctibus

579 1288 623 1320 Et
647 1297 688 1319 ne
715 1289 888 1320 concludar
913 1288 1030 1319 amaris

626 1334 750 1367 Inferni
777 1335 951 1374 doloribus,

580 1382 645 1414 Sed
671 1384 825 1423 coniunge
849 1392 900 1414 me
925 1383 1101 1422 praeclaris

631 1431 826 1470 Angelorum
854 1431 1007 1463 coetibus,

257 1494 283 1521 A
310 1494 360 1521 fol.
388 1492 460 1522 80a.
481 1509 518 1514 —
537 1495 659 1523 Ferner:
681 1496 790 1530 Hymn.
812 1498 842 1523 et
860 1496 998 1532 Sequent.
1020 1504 1074 1522 ms.
1094 1495 1335 1524 Emmeramense
1356 1505 1433 1524 saec.
1456 1494 1499 1524 15.

183 1532 255 1559 Clm.
276 1532 429 1559 Monacen.
458 1531 564 1560 14667.
585 1531 620 1560 E.
643 1548 678 1552 —
700 1534 780 1562 Orat.
807 1542 859 1561 ms.
883 1534 1068 1561 Lehninense
1098 1536 1169 1561 anni
1192 1532 1273 1562 1518.
1318 1534 1387 1562 Ood.
1409 1535 1501 1562 Bero-

182 1570 272 1597 linen.
292 1570 353 1598 1V⁰
374 1568 420 1598 29.
440 1571 472 1598 F.
528 1587 531 1591 ν
552 1571 631 1599 Orat.
653 1580 706 1599 ms.
726 1572 917 1600 Trudonense
937 1581 1012 1600 saec.
1036 1570 1081 1599 16.
1101 1573 1141 1599 in.
1177 1572 1247 1599 Cod.
1268 1573 1412 1600 Leodjen.
1434 1570 1500 1600 395.

181 1608 215 1636 G.
237 1622 273 1626 —
295 1608 375 1636 Orat.
403 1617 455 1635 ms.
478 1609 613 1637 Garthus.
635 1610 817 1638 Hildeshem.
848 1619 924 1638 saec.
954 1609 997 1638 15.
1040 1610 1111 1639 Ood.
1135 1610 1230 1646 Capit.
1250 1611 1404 1639 Treviren.
1435 1609 1499 1639 116.

179 1646 218 1711 IlH.
240 1661 279 1665 -
300 1645 324 1681 1,
339 1645 533 1713 ZGSpeculum
554 1650 584 1675 et
601 1648 699 1684 gloria
717 1648 753 1675 E.
775 1663 780 1667 -
798 1663 801 1667 ν
824 1646 848 1682 1,
864 1647 881 1676 5
903 1649 927 1677 Ο
950 1649 1107 1677 Benedicte
1127 1649 1216 1676 decus
1236 1648 1272 1676 E.
1288 1664 1326 1668 —
1343 1647 1366 1683 1,
1382 1647 1467 1683 5—2‚
1483 1647 1500 1677 5

193 1686 281 1712 auten
300 1685 333 1711 in
386 1693 392 1710 :

480 1723 551 1759 Ave,
573 1724 723 1751 Bernarde
743 1725 855 1757 inclite,
877 1725 971 1752 dulcis
993 1728 1023 1752 et
1042 1725 1188 1758 amabilis,

480 1762 626 1789 Pincerna
646 1764 724 1799 regis
745 1763 860 1797 gloriae
880 1765 982 1799 potum
1004 1763 1077 1791 dans
1097 1762 1241 1800 pacificis,

482 1799 572 1827 Cuius
595 1802 654 1828 oris
677 1801 798 1837 eloquia
817 1800 902 1829 favus
923 1802 1020 1829 mellis
1040 1802 1168 1838 populis,

478 1838 519 1865 Et
537 1840 602 1865 vita
622 1839 758 1875 angelica
778 1840 944 1875 exemplum
964 1840 1015 1867 dat
1029 1840 1157 1868 famulis.

253 1882 280 1916 2,
304 1882 318 1910 1
338 1886 423 1919 pater
443 1894 459 1912 ο
480 1886 565 1912 beate
585 1886 643 1913 FG.
661 1901 697 1905 —-
717 1885 744 1919 2,
766 1885 783 1914 5
804 1887 879 1914 mihi
899 1889 932 1914 in
952 1890 1040 1915 natae
1060 1888 1093 1916 F.
1108 1903 1146 1907 —
1165 1886 1192 1921 3,
1211 1886 1225 1915 1
1248 1888 1391 1916 illecebra
1410 1889 1447 1916 E.
1462 1903 1500 1908 —-

178 1919 205 1954 5,
227 1921 243 1949 6
263 1919 375 1949 Inferni
394 1922 469 1949 fehlt
487 1922 523 1949 E.
545 1938 581 1941 —
601 1924 666 1960 Vgl.
688 1924 772 1952 Anal.
795 1925 850 1957 111,
872 1923 926 1953 190
948 1934 991 1961 sq.

639 2015 685 2047 36.
727 2017 771 2047 De
793 2020 899 2048 sancto
922 2017 1036 2048 Blasio.

193 2080 223 2112 1.
249 2080 330 2119 Ave,
357 2080 460 2112 victor
486 2081 633 2122 maxime,
878 2085 908 2116 2.
936 2084 1016 2125 Ave,
1044 2084 1098 2123 qui
1124 2085 1251 2125 egregia

296 2127 393 2170 Blasi‚
421 2129 549 2167 praesul
577 2129 668 2168 bone,
983 2131 1118 2162 Fulsisti
1145 2132 1302 2173 doctrina,

247 2174 395 2215 Pugnans
421 2176 522 2207 vincis
548 2176 677 2219 optime,
936 2178 1022 2217 Quae
1046 2179 1155 2211 multis
1182 2180 1300 2212 eximia

294 2223 430 2263 Martyr,
457 2224 490 2255 in
515 2233 626 2264 agone,
983 2226 1061 2258 Fuit
1089 2227 1260 2268 medicina,

248 2270 342 2301 Meae
367 2271 452 2303 salus
476 2271 601 2304 animae
932 2274 1072 2314 Propter
1097 2284 1168 2306 mea
1194 2276 1272 2307 vitia

297 2317 347 2350 Sis
373 2319 591 2359 subventione,
981 2322 1053 2353 Non
1081 2332 1099 2354 a
1124 2331 1175 2353 me
1201 2323 1339 2367 det-lina,

249 2365 387 2398 Consors
412 2370 448 2398 ut
472 2368 672 2399 sanctissime
934 2369 1000 2401 Sed
1024 2369 1064 2401 ob
1091 2373 1123 2401 te
1147 2379 1199 2402 me
1225 2372 1330 2411 gratia

295 2413 383 2445 Tuae
408 2414 468 2445 sim
495 2424 640 2449 coronae.
981 2417 1106 2449 Foveat
1131 2418 1250 2452 divina.
