1651 2700
678 149 943 185 —123—

633 240 683 272 30.
715 241 759 273 De
779 243 890 274 saneta
910 244 1010 276 Anna.

170 306 202 339 1.
229 307 311 348 Ave,
338 309 445 348 Anna,
471 311 561 350 regia

279 354 368 394 Quae
394 356 435 388 (le
460 358 562 398 stirpe
586 356 692 401 flores,

230 402 358 435 Morum
386 413 542 446 spargens
566 406 637 438 lilia

279 450 508 493 virtutumque
532 452 639 496 flores,

230 499 290 531 Pia
315 499 395 531 mihi
421 501 540 542 studia,

278 546 457 590 Deprecor,
484 551 521 580 ut
546 558 647 592 rores,

228 593 280 626 Ne
304 595 439 634 perdam
467 605 527 635 per
552 597 633 629 vitia

279 641 424 675 Caelicos
449 644 598 679 honores,

169 719 200 751 2.
227 718 309 761 Ave,
335 722 370 751 tu
395 729 476 761 quae
502 722 656 762 concipis,

275 767 381 808 Anna⁷
406 770 474 801 tres
498 769 633 810 Marias,

227 815 359 847 Cunctis
384 825 445 856 per
469 817 532 849 hoc
556 817 697 860 proficis,

274 863 336 895 His
361 866 398 895 ut
422 866 509 897 salus
533 864 603 904 fias,

225 910 379 952 Inclinor,
406 913 434 944 si
459 913 599 953 despicis

274 959 342 999 Me,
369 960 408 992 ad
437 962 550 993 mortis
575 963 655 1000 vias,

229 1006 317 1038 Hinc
343 1006 454 1049 funde,
480 1018 554 1041 nam
581 1009 714 1054 sufficis,

275 1055 395 1087 Preces
421 1065 481 1096 pro
506 1066 557 1088 me
582 1058 664 1097 pias,

870 315 903 347 3.
931 317 1012 356 Ave,
1040 321 1172 349 sanctae
1197 317 1330 358 virginis

976 365 1073 396 Anna
1099 365 1202 396 dulcis
1226 369 1340 406 mater,

927 412 980 443 Ad
1008 412 1069 443 hoc
1095 413 1163 444 veri
1187 413 1315 445 luminis

974 458 1085 499 Elegit
1108 463 1141 492 te
1166 466 1270 502 pater,

926 506 989 546 Da,
1015 509 1052 538 ut
1076 508 1137 539 Dei
1162 510 1299 540 nominis

974 555 1013 586 ln
1038 554 1135 588 laude
1163 556 1291 598 dilater,

928 602 1031 643 Assis‚
1059 611 1100 634 ne
1124 612 1176 634 me
1202 604 1344 636 criminis

974 649 1086 683 Fallat
1112 654 1224 684 auctor
1250 655 1331 686 ater.

866 728 899 759 4.
926 727 1008 766 Ave,
1036 735 1118 767 quae
1142 728 1174 759 in
1200 728 1312 761 habitu

970 775 1130 807 Florebas
1155 776 1262 817 legali,

922 822 1047 854 Fruens
1073 823 1143 855 sine
1167 825 1305 864 strepitu

971 869 1065 902 Serto
1092 871 1260 915 coniugali,

924 918 1081 950 Precibus
1107 928 1159 950 me
1183 921 1300 960 spiritu

973 966 1086 999 Firma
1109 968 1293 1008 principali,

924 1012 969 1045 Ut
994 1013 1075 1045 nihil
1099 1015 1132 1046 in
1158 1015 1247 1047 obitu

973 1061 1029 1092 Me
1056 1065 1225 1094 contristet
1249 1063 1336 1097 mali.

562 1135 592 1166 5.
619 1135 700 1173 Ave,
728 1144 809 1175 quae
832 1136 1041 1176 pauperibus

662 1183 767 1226 Anna,
795 1191 847 1214 res
872 1184 1007 1223 partiris

614 1230 699 1261 Tuas
722 1230 943 1271 indigentibus

660 1277 805 1310 Feminis
833 1281 866 1310 et,
888 1280 977 1319 viris,

614 1325 697 1357 Mihi
722 1326 825 1358 maius
851 1327 998 1359 omnibus

661 1374 780 1406 Munus
807 1376 842 1406 tu
867 1375 1008 1417 largiris,

612 1421 809 1463 Conregnem
836 1423 1040 1466 caelestibus,

659 1469 693 1501 Si
717 1470 822 1502 Deum
850 1472 1001 1511 requiris.

225 1533 251 1560 A
273 1533 323 1561 fol.
349 1531 384 1562 13
392 1542 419 1562 a.

586 1629 628 1661 31.
655 1630 699 1661 De
721 1632 830 1663 sancto
852 1632 1041 1672 Augustino.

157 1698 189 1731 1.
216 1698 299 1741 Ave,
327 1699 507 1738 apostolice

264 1746 289 1779 Ο
315 1746 376 1789 vir,
404 1748 595 1788 Augustine‚

214 1793 414 1827 Succurrens
439 1795 619 1829 catholicae

263 1842 358 1875 Fidei
384 1844 508 1885 ruinae,

213 1890 339 1923 Fraudi
368 1891 549 1925 diabolicae

260 1939 336 1972 Non
360 1947 412 1971 me
438 1940 533 1973 subdi
560 1941 640 1984 sine,

214 1987 280 2020 Sed
307 1988 424 2029 iungar
449 1990 615 2031 angelicae

262 2037 355 2070 Vitae
379 2037 449 2069 sine
474 2037 548 2071 fine.

149 2114 183 2146 2.
211 2114 292 2156 Ave,
323 2115 543 2155 evangelicam

258 2163 457 2195 Praedicans
485 2164 676 2208 doctrinam,

206 2210 271 2243 Per
295 2210 399 2250 ipsam
426 2212 603 2252 angelicam

254 2259 432 2292 Restauras
458 2260 595 2300 ruinam,

205 2306 294 2348 Ergo
320 2308 399 2340 mihi
427 2309 581 2342 caelicam

259 2354 380 2388 Confer
404 2357 609 2401 medicinam,

206 2404 331 2436 Intrem
358 2405 555 2438 diabolicam

257 2451 308 2483 Ne
332 2454 460 2493 quando
485 2454 663 2494 coquinam.

859 1703 889 1736 3.
916 1703 998 1744 Ave,
1022 1703 1281 1744 Hipponensium

964 1751 1024 1791 Qui
1050 1752 1186 1784 antistes
1208 1751 1313 1785 factus

914 1798 959 1831 Es
985 1799 1217 1840 pontificalium

963 1848 1041 1880 Iura
1067 1848 1163 1891 digne
1187 1852 1312 1887 nactus,

912 1896 966 1929 Ad
993 1896 1074 1928 nihil
1099 1906 1160 1937 per
1184 1898 1298 1929 vitium

961 1944 1022 1984 Qui
1047 1954 1128 1986 sum,
1154 1946 1228 1987 heu,
1254 1947 1418 1986 redactuS,

910 1993 983 2025 Duc
1008 1994 1050 2026 ad
1075 1994 1162 2026 vitae
1187 1994 1334 2027 bravium

958 2042 1015 2074 Me
1040 2050 1099 2082 per
1123 2042 1195 2082 pios
1222 2047 1323 2076 actus.

849 2120 882 2151 4.
909 2118 992 2158 Ave,
1021 2117 1148 2160 fulgens
1174 2120 1277 2152 lilium

960 2167 1052 2199 Vitae
1076 2169 1259 2208 sanctitate,

907 2214 1087 2255 Exemplar
1112 2215 1280 2248 humilium

959 2262 1055 2294 Dulci
1081 2267 1285 2307 paupertate,

909 2310 1035 2343 Praebe
1059 2312 1286 2353 patrocinium,

957 2358 1008 2390 Ne
1035 2359 1201 2400 disiungar
1226 2370 1246 2393 a
1271 2365 1314 2401 te,

909 2406 973 2438 Sed
998 2409 1031 2438 te
1056 2416 1173 2448 sequar
1198 2410 1369 2449 praevium

955 2455 1083 2487 Morum
1105 2457 1273 2497 gravitate.
