1651 2700
231 259 269 291 In
296 269 360 300 qua
384 265 551 303 operarios

232 307 301 340 Hos
327 312 398 342 tuos
425 315 458 344 et
482 314 562 347 alios

280 357 438 392 Plurimos
464 361 593 405 locavit,

159 401 196 435 V.
233 403 372 443 Quorum
400 406 524 442 fructus
549 421 707 454 prospere

230 452 386 487 Messium
409 456 444 489 in
469 467 567 498 opere

278 501 320 533 Se
347 506 590 545 centuplicavit.

170 571 201 605 2.
228 572 293 605 Per
317 575 587 617 Mesopotamiam

227 621 386 663 Pontique
412 627 610 665 provinciam

277 668 376 703 Iudas
399 675 613 718 praedicavit,

228 717 291 749 Per
318 720 460 762 Aegypti
484 726 624 764 patriam

224 765 325 798 Verbi
352 767 413 801 Dei
437 772 575 811 gratiam

275 814 384 848 Simon
409 821 645 865 promulgavit3

156 859 195 894 V.
231 860 376 904 Uterque
401 866 435 898 in
461 867 640 911 Persidam,

225 909 302 942 Ritu
327 913 434 945 adhuc
458 916 617 955 perfidam

274 958 406 1002 Gentili‚
429 965 558 999 meavit.

166 1028 197 1062 3.
225 1029 359 1064 Botrum
387 1037 520 1074 portant
543 1037 657 1071 inclita

223 1078 272 1109 De
297 1082 384 1113 terra
405 1083 553 1121 pollicita

268 1125 341 1159 Duo
367 1129 429 1161 viri
453 1130 518 1173 isti,

219 1173 286 1212 Quo
312 1176 478 1216 stupentes
505 1178 630 1212 faciunt

220 1220 337 1254 Omnes
364 1227 397 1255 et
421 1226 567 1259 alliciunt

265 1269 320 1302 Ad
346 1280 488 1305 amorem
515 1275 653 1317 Christi;

143 1316 182 1350 V.
215 1316 321 1350 Extra
345 1320 447 1354 multa
472 1323 563 1356 milia

262 1365 380 1400 Botrus
406 1369 459 1401 hie
484 1371 615 1415 electus,

213 1413 306 1446 Inter
332 1417 411 1448 caeli
437 1418 508 1451 lilia

261 1463 411 1497 Pascitur
438 1466 585 1502 dilectus,

266 1560 307 1592 In
344 1563 375 1595 2.
402 1562 637 1601 Nocturno.

355 1627 554 1665 Antiphonae.

151 1672 182 1706 1.
209 1674 279 1707 Deo
304 1679 417 1710 nostro
444 1680 586 1722 psallite,

256 1724 392 1757 Psallite
417 1731 574 1770 recenter,

208 1770 288 1803 Cum
314 1774 435 1806 sanctis
461 1775 511 1808 his
536 1779 668 1817 psallite

253 1820 371 1853 Omnes
396 1823 570 1863 sapienter.

144 1892 175 1923 2.
204 1891 307 1925 Nobis
335 1897 415 1937 esto,
441 1896 581 1931 Domine

249 1941 349 1986 Deus,
375 1945 475 1977 turris
501 1945 596 1980 fortis

205 1989 344 2023 Istorum
370 1992 533 2027 iuvamine

246 2038 366 2072 Contra
394 2042 507 2075 ducem
534 2046 657 2080 mortis.

136 2110 168 2143 3.
197 2110 397 2146 Nuntiarunt
422 2124 523 2156 opera

243 2160 378 2194 Pietatis
404 2163 466 2196 Dei

192 2207 357 2242 Ducentes
383 2212 425 2244 ad
451 2213 586 2247 aethera

241 2257 367 2293 Multas
394 2264 505 2301 gentes
533 2262 573 2296 ei.

330 2331 542 2368 Responsoria.

129 2376 160 2409 1.
190 2378 279 2411 Istae
306 2380 390 2413 duae
414 2383 540 2417 nobiles

188 2425 242 2458 Ex
270 2432 406 2469 argento
434 2431 572 2465 ductiles

239 2475 352 2509 Tubae
378 2484 565 2524 sonuerunt,

803 176 946 212 83—

927 274 999 308 Suis
1025 277 1221 313 salutaribus

925 323 1041 356 Totum
1063 327 1216 360 mundum
1242 331 1374 364 vocibus

972 372 1132 406 Recenter
1155 385 1343 423 moverunt3

852 418 889 452 V.
924 418 1080 453 Excitant
1105 423 1147 455 ad
1172 426 1298 464 proelia

923 467 1045 501 Cuncta
1071 473 1183 504 contra
1207 474 1294 518 vitia,

969 516 1127 558 Quotquot
1154 521 1375 557 crediderunt.

861 612 893 645 2.
920 611 1116 646 Thaddaeus
1143 624 1215 649 cum
1241 617 1370 652 Simone

918 659 1008 692 Duos
1034 671 1143 703 magos
1171 665 1326 699 daemone

968 709 1085 742 Plenos
1112 711 1335 758 confuderunt,

920 756 1075 790 Persidae
1100 759 1141 791 de
1165 759 1282 794 finibus

918 803 1024 845 Signis
1051 809 1083 838 et
1109 808 1280 842 virtutibus

965 852 1043 886 Illos
1068 857 1299 899 propulerunt3

844 897 882 931 V.
918 900 1012 933 Vitae
1036 906 1147 942 spreto
1173 903 1292 938 famine

914 947 1045 981 Erroris
1072 959 1107 982 se
1131 953 1278 986 sarcinae

962 996 1052 1037 Magi
1077 998 1304 1035 subdiderunt.

853 1091 885 1123 3.
909 1091 968 1123 Isti
995 1093 1057 1124 duo
1083 1103 1235 1133 proceres

910 1139 1058 1172 Zizanias
1084 1145 1209 1174 veteres

959 1187 1054 1220 Orbis
1081 1190 1261 1233 eradicant,

957 1235 1017 1275 Qui
1042 1236 1125 1268 sicut
1149 1238 1198 1270 sol
1224 1240 1353 1280 micant,

910 1282 973 1314 Per
997 1292 1109 1323 agrum
1136 1286 1332 1320 dominicum

909 1330 1029 1362 Panem
1056 1334 1275 1374 evangelicum

954 1378 1069 1412 Parvis
1095 1390 1165 1413 cum
1190 1384 1366 1417 masticant

833 1423 872 1457 V.
905 1426 1002 1459 Verbi
1030 1428 1093 1461 Dei
1118 1428 1242 1463 framea

905 1473 1001 1507 Fidei
1028 1476 1068 1508 ab
1095 1486 1172 1510 area

952 1522 1090 1557 Errores
1118 1527 1289 1562 extricant.

1367 1411 1375 1429 7

962 1676 1009 1708 In
1039 1679 1070 1712 3.
1099 1678 1332 1715 Nocturno.

1047 1782 1248 1820 Antiphonae.

840 1856 872 1891 1.
899 1857 1040 1891 Istorum
1067 1865 1142 1893 sunt
1166 1866 1299 1896 strenua

946 1907 1076 1940 Virtute
1102 1910 1269 1945 confracta

897 1954 1109 1990 Peccatorum
1133 1968 1253 1993 cornua

941 2004 986 2036 Et
1009 2006 1050 2038 ad
1076 2007 1123 2039 nil
1150 2009 1293 2045 redacta.

836 2101 869 2133 2.
897 2100 1059 2135 Nuntiant
1084 2105 1243 2138 iustitiam

944 2150 1043 2192 Regis
1069 2154 1257 2194 angelorum

892 2197 1079 2232 Edocentes
1105 2201 1236 2234 latnam

939 2246 1099 2288 Ritusqne
1124 2250 1293 2286 iustorum.

831 2343 863 2377 3.
894 2342 952 2375 Dei
982 2345 1168 2379 testimonia

938 2391 983 2424 Hi
1010 2395 1244 2439 custodierunt,

889 2439 978 2472 Hinc
1005 2442 1101 2483 digne
1128 2445 1282 2478 caelestia

938 2489 1052 2531 Regna
1073 2497 1271 2529 meruerunt.

1235 2549 1279 2579 6.
