1651 2700
699 152 933 187 -28-

434 247 466 278 5.
494 246 615 278 Vineae
638 251 769 286 separat
793 247 929 280 fractam
953 247 1135 288 maceriam,

490 293 641 326 Tribulos
667 298 805 338 separat,
833 296 957 335 plantat
981 294 1145 336 iustitiam,

487 340 538 372 De
564 342 676 382 culpae
701 341 804 385 fovea,
835 343 875 374 de
899 343 1011 375 mortis
1039 350 1136 374 cavea

533 389 668 421 Animas
693 390 809 421 tollens
834 390 961 423 liberat.

430 455 461 487 6.
490 454 614 486 Canora
640 455 785 487 dramata
809 458 898 487 tanto
923 454 1065 496 pontifici

485 501 600 533 Mundi
626 511 685 541 per
711 503 839 534 climata
864 504 968 535 animo
992 502 1131 542 supplici

484 549 664 581 Decantent
689 550 802 589 populi
829 559 937 582 omnes
964 553 995 581 et
1020 550 1147 590 singuli,

532 596 661 628 Laudes
686 606 775 629 mens
800 598 901 629 omnis
928 597 1058 630 referat.

427 663 458 694 7.
484 663 636 694 Iuvamen
664 663 795 703 porrige
819 666 893 695 tuae
920 664 1108 695 clementiae

485 709 670 749 Precesque
698 710 800 750 dirige
825 711 866 742 ad
892 713 1017 750 patrem
1042 711 1174 751 gloriae,

483 757 617 788 Praesul
644 758 829 799 praecipue,
856 758 1005 789 sollerter
1031 758 1117 789 dilue

532 803 655 835 Cuncta
680 808 792 835 nostra
820 803 971 836 facinora.

424 869 456 901 8.
483 868 576 899 Patri
601 869 744 908 piissimo
770 869 879 911 honor,
907 870 1088 912 imperium,

482 915 566 947 Nato
594 916 773 948 clarissimo
801 917 897 948 decus
923 917 966 948 sit
991 917 1124 957 regium,

484 962 601 995 Sancto
627 964 757 1003 spiritui
784 964 944 996 solvamus
972 964 1081 996 cernui

531 1011 654 1043 Cuncta
678 1012 791 1043 laudes
817 1020 876 1051 per
901 1015 1057 1052 tempora.

233 1065 257 1092 B
277 1065 327 1093 fel.
350 1064 404 1093 16e
427 1066 455 1094 b.

632 1160 659 1189 3.
700 1160 743 1190 De
764 1161 874 1190 sancta
895 1161 992 1191 Anna.

171 1228 201 1260 1.
229 1227 313 1259 Novi
337 1231 373 1259 ut
398 1231 469 1260 ortu
495 1229 612 1261 sideris
856 1232 889 1263 4.
913 1231 1012 1262 Anna
1034 1231 1189 1261 virtutum
1214 1228 1347 1262 floribus

229 1274 358 1307 Maeror
384 1276 478 1307 cedat
502 1279 533 1307 et
559 1277 704 1316 gemitus,
915 1278 1044 1310 Floruit
1067 1278 1107 1309 ab
1133 1276 1282 1315 infantia,

231 1322 411 1354 Paraclitus
435 1323 487 1362 qui
516 1323 643 1362 diceris,
917 1325 1014 1358 Cuius
1041 1325 1092 1367 da,
1119 1325 1204 1367 Iesu,
1230 1325 1380 1365 precibus

229 1370 348 1411 Veni,
375 1373 547 1401 creator
571 1371 769 1410 spiritus.
913 1373 1046 1404 Beata
1071 1373 1195 1404 nobis
1221 1373 1395 1413 gaudia.

171 1437 203 1467 2.
232 1435 325 1467 Nova
350 1436 478 1476 quidem
504 1437 671 1469 sollemnia
858 1441 889 1473 5.
918 1438 1014 1471 Solve
1041 1439 1080 1470 de
1107 1439 1220 1479 culpae
1245 1439 1380 1471 nexibus

229 1482 353 1514 Novum
380 1486 474 1515 ornat
495 1485 711 1526 praeconium,
915 1489 1035 1518 Amore
1060 1495 1117 1518 nos
1142 1487 1295 1527 propitio,

228 1529 322 1562 Nova
348 1530 389 1562 da
412 1531 504 1563 nobis
530 1532 655 1575 gaudia,
915 1534 1055 1566 Salutem
1083 1533 1194 1565 confer
1219 1535 1375 1575 omnibus,

228 1577 356 1618 Deus,
383 1582 556 1611 creator
581 1580 768 1613 omnium.
915 1581 1028 1622 Iesu,
1055 1584 1201 1613 nostra
1226 1583 1473 1624 redemptio.

169 1645 199 1676 3.
225 1645 330 1685 Anna,
357 1644 446 1676 sidus
472 1646 667 1677 aethereum>
857 1650 888 1681 6.
914 1648 1076 1679 Ardorem
1100 1647 1176 1689 fuga
1200 1649 1339 1689 noxium,

228 1692 320 1723 Vivis
345 1692 454 1724 iuncta
479 1693 649 1736 sideribus,
915 1696 1036 1728 Faeces
1064 1704 1207 1737 expurga
1231 1697 1399 1740 scelerum,

230 1739 342 1779 Terra,
366 1742 494 1783 pontus,
522 1750 704 1781 empyreum
915 1743 1031 1775 Pacem
1055 1744 1177 1784 largire
1203 1745 1357 1789 cordium,

227 1786 412 1818 Exsultet
429 1788 576 1820 caelum
590 1789 784 1821 laudibus.
916 1790 997 1822 Con
1009 1791 1126 1823 ditor
1151 1792 1258 1824 alme
1275 1793 1310 1825 si
1322 1794 1473 1829 derum.

501 1855 532 1887 7.
559 1853 609 1885 Sit
632 1864 717 1886 nunc
741 1855 795 1887 hic
820 1858 852 1887 et,
875 1856 909 1887 in
934 1858 1040 1896 patria

560 1902 644 1933 Vera
669 1902 760 1934 nobis
786 1902 936 1943 felicitas,

559 1948 645 1980 Laus
670 1950 730 1982 tibi
758 1951 802 1982 sit
827 1956 859 1982 et
883 1951 994 1994 gloria,

556 1997 580 2029 O
607 1997 697 2038 lux,
722 1998 850 2030 beata
872 1999 1068 2031 trinitas.

231 2062 255 2088 B
275 2060 325 2088 fol.
350 2059 402 2088 166
427 2069 453 2088 a.
474 2076 511 2080 —
532 2062 638 2089 Diesei·
651 2063 787 2098 Hymnus
808 2063 886 2091 steht
904 2065 1029 2098 bei-ests,
1056 2074 1142 2093 wenn
1163 2067 1238 2094 auch
1260 2069 1315 2095 mit
1333 2070 1473 2099 auderem

158 2099 294 2134 Anfange
315 2099 376 2126 und
396 2100 560 2127 bedeutend
581 2101 744 2134 vei-'andern
764 2102 850 2129 Anal.
870 2102 922 2136 IV,
942 2100 988 2136 82,
1008 2104 1060 2131 Νι·-
1083 2101 1147 2131 138.

554 2203 584 2234 4.
627 2204 671 2235 De
691 2208 798 2236 sancto
819 2205 1072 2237 Bartholomaeo.

167 2275 198 2307 1.
228 2273 466 2306 Bartholomaei
491 2274 610 2306 inclitis
841 2278 872 2309 2.
902 2276 1000 2308 Verbi
1026 2278 1172 2310 succidat
1196 2279 1304 2319 gladio

225 2321 275 2353 Da
306 2321 401 2353 solita
428 2322 607 2364 clementia,
898 2324 1018 2364 Vepres
1044 2327 1078 2356 ut
1101 2325 1284 2367 idolatriae,

228 2369 311 2410 Iesu,
337 2378 433 2410 prece
460 2373 492 2401 et
513 2371 636 2403 meritis
895 2372 946 2404 De
970 2372 1093 2413 gratiae
1122 2374 1179 2406 das
1205 2376 1336 2418 gremio,

223 2417 358 2449 Beata
382 2417 508 2449 nobis
533 2420 700 2459 gaudia.
896 2420 1475 2465 Splendorpateruaegloriac.
