1651 2700
712 144 973 179 —150—

549 242 579 273 5.
607 240 687 280 Ave,
715 240 770 279 qui
794 241 906 272 mortis
932 249 1108 273 maerorem

647 287 761 319 Vicisti
784 297 1003 329 praepropere

603 335 764 375 Spernens
791 335 960 368 Caesarem
988 336 1149 369 Neronem

648 383 801 415 Sermone
827 386 859 415 et
883 393 990 425 opere,

598 431 649 463 Da
672 431 747 471 vim,
773 430 893 463 inferni
919 433 1089 465 draconem

649 478 694 512 Ut
709 479 828 519 possim
856 480 1038 518 devincere,

600 526 656 558 Me
680 527 783 558 tribus
808 527 909 559 Iudae
934 528 1057 559 leonem

648 574 716 606 Fac
741 575 773 606 in
801 576 896 607 caelis
923 584 1064 608 cernere.

256 635 282 662 A
302 634 352 662 fol.
374 631 444 663 7812.
464 649 503 653 —
524 635 580 663 Gfr.
603 635 688 663 Anal.
708 635 763 669 111,
789 634 843 663 179
865 644 907 672 sq.

617 717 663 748 74.
704 718 752 749 De
768 720 875 750 sancto
899 718 1054 759 Philippo.

198 772 229 806 1.
255 773 335 813 Ave,
362 772 494 805 verbum
519 774 689 814 praedicas

301 820 449 861 Philippe
475 821 527 861 qui
550 821 624 863 Dei,

253 868 376 907 Corpus
401 870 489 900 tuum
517 869 647 900 dedicas

298 916 391 947 Vitae
416 919 546 948 sanctae
569 917 649 958 spei,

249 963 389 994 Lucrum
413 963 473 994 tibi
498 964 650 996 vendicas

297 1010 409 1041 Dulcis
434 1011 566 1051 requiei,

248 1057 333 1089 Dum
361 1066 430 1088 cum
458 1058 584 1090 Christo
611 1059 746 1098 iudicas,

296 1104 375 1136 Esto
401 1114 521 1137 memor
545 1106 618 1139 mei.

193 1167 224 1199 2.
249 1166 331 1207 Ave,
359 1166 412 1206 qui
436 1175 471 1198 os
499 1167 614 1199 diceris

297 1213 398 1245 Recte
421 1214 651 1257 lampadarum,

249 1261 317 1292 Mei
342 1259 447 1292 faeces
473 1262 605 1294 sceleris

297 1308 341 1340 Et
364 1308 563 1341 miseriarum

249 1355 362 1397 Tel-ge,
389 1356 495 1387 lumen
523 1358 636 1388 ceteris

296 1402 358 1434 Dei
386 1403 442 1434 das
467 1403 600 1446 viarum,

248 1451 316 1482 Vae
340 1450 427 1490 mihi,
455 1451 482 1481 si
507 1452 662 1491 praeteris

296 1497 361 1539 Me,
389 1497 446 1530 lux
470 1498 656 1532 animarum.

879 776 911 808 3.
939 776 1019 814 Ave,
1046 775 1100 814 qui
1124 774 1277 807 melliflua

983 822 1088 854 Doces
1115 831 1193 855 voce
1217 826 1355 863 gentem,

938 870 1115 903 Collustras
1140 869 1272 903 luciflua

980 917 1067 949 Face
1092 927 1224 957 quarum
1251 922 1404 959 mentem,

932 965 1095 1004 Appetam
1120 974 1161 997 ne
1186 965 1285 1003 fatua,

979 1012 1110 1045 Adiuva
1135 1022 1186 1044 me
1208 1012 1348 1056 flentem,

934 1058 997 1091 Sed
1024 1068 1141 1100 sequar
1163 1070 1222 1101 per
1247 1062 1350 1093 ardua

982 1106 1070 1139 Caeli
1093 1111 1126 1139 te
1151 1109 1371 1142 scandentem.

874 1171 906 1202 4.
933 1169 1012 1212 Ave,
1041 1170 1094 1209 qui
1119 1170 1152 1201 in
1177 1170 1310 1210 Scythia

979 1216 1025 1247 Es
1052 1215 1168 1249 affixus
1195 1218 1292 1260 cruci,

933 1263 1002 1295 Tua
1026 1272 1086 1303 per
1111 1264 1262 1306 suffragia

982 1310 1176 1350 Superorum
1201 1313 1266 1344 luci

933 1358 1061 1399 Iungar,
1087 1369 1150 1392 non
1176 1369 1235 1400 per
1260 1361 1340 1393 vitia

981 1404 1160 1438 Inferorum
1187 1408 1270 1450 duci,

933 1452 996 1485 Sed
1023 1454 1065 1485 ad
1090 1463 1168 1487 vera
1192 1456 1310 1496 gaudia

980 1501 1035 1532 Me
1061 1511 1177 1541 precor
1201 1504 1321 1537 induci.

577 1563 607 1594 5.
633 1562 713 1603 Ave,
741 1562 795 1601 qui
818 1562 980 1602 lapidibus

678 1609 831 1641 Exsultas
856 1613 998 1652 necatus,

630 1657 774 1696 Iungeris
801 1657 991 1689 caelestibus

677 1704 782 1745 Digne
805 1705 978 1748 laureatus,

635 1751 711 1783 Tuis
736 1751 792 1784 fiat
817 1753 967 1792 precibus

676 1800 770 1832 Felix
795 1809 884 1832 meus
909 1804 1023 1843 status,

628 1846 675 1879 Ut
700 1856 770 1879 cum
795 1849 915 1881 sanctis
940 1849 1086 1882 omnibus

677 1894 829 1927 Gratuler
853 1897 1004 1929 salvatus,

249 1950 275 1977 A
294 1951 344 1979 fol.
366 1950 402 1979 79
414 1961 441 1980 a.

519 1954 577 1981 Gfr.
597 1955 683 1982 Anal.
703 1956 757 1988 111,
781 1954 835 1984 183
856 1965 899 1992 sq.

617 2037 663 2068 75.
703 2038 746 2068 De
767 2040 874 2069 saneto
898 2038 1035 2075 Quirino.

185 2091 216 2125 1.
243 2091 323 2130 Ave,
350 2092 402 2131 qui
428 2092 621 2132 baptismate

292 2137 422 2173 Gaudes
447 2140 515 2172 Deo
541 2144 645 2182 natus,

243 2186 382 2229 Quirine,
414 2188 604 2221 charismate

291 2234 406 2267 Sancto
433 2235 640 2278 confortatus,

243 2282 359 2315 Sancto
385 2292 444 2323 per
468 2287 500 2316 te
524 2288 695 2326 pneumate

293 2330 456 2363 Gaudeam
480 2335 615 2365 novatus

240 2377 347 2418 Atque
373 2379 553 2412 diademate

290 2425 426 2459 Virtutis
452 2431 593 2463 ornatus,

866 2096 898 2128 2.
925 2096 1006 2136 Ave,
1032 2097 1087 2137 qui
1112 2100 1294 2133 errantibus

972 2144 1018 2176 Es
1045 2145 1127 2178 risus
1155 2146 1284 2181 effectus

925 2191 1146 2234 Linguamque
1171 2196 1364 2230 vellentibus

973 2241 1110 2274 Amator
1135 2243 1311 2284 perfectus,

928 2288 1010 2329 Heu,
1038 2298 1108 2322 cum
1135 2293 1195 2324 sim
1222 2295 1387 2327 erroribus

973 2336 1089 2371 Nimiis
1115 2339 1264 2384 infectus,

925 2384 1003 2417 Tuis
1029 2395 1108 2420 sana
1133 2389 1284 2429 precibus

973 2433 1041 2465 Iam
1065 2444 1152 2469 meos
1180 2436 1334 2472 defectus¹
