<?xml version="1.0" encoding="UTF-8"?>
<!DOCTYPE html PUBLIC "-//W3C//DTD XHTML 1.0 Transitional//EN"
    "http://www.w3.org/TR/xhtml1/DTD/xhtml1-transitional.dtd">
<html xmlns="http://www.w3.org/1999/xhtml" xml:lang="en" lang="en">
 <head>
  <title>
</title>
<meta http-equiv="Content-Type" content="text/html;charset=utf-8" />
  <meta name='ocr-system' content='tesseract 3.04.00' />
  <meta name='ocr-capabilities' content='ocr_page ocr_carea ocr_par ocr_line ocrx_word'/>
</head>
<body>
  <div class='ocr_page' id='page_1' title='image "./analectahymnica41drevuoft_00089.png"; bbox 0 0 1651 2700; ppageno 0'>
   <div class='ocr_carea' id='block_1_1' title="bbox 186 211 219 244">
    <p class='ocr_par' dir='ltr' id='par_1_1' title="bbox 186 211 219 244">
     <span class='ocr_line' id='line_1_1' title="bbox 186 211 219 244; baseline 0 0"><span class='ocrx_word' id='word_1_1' title='bbox 186 211 219 244; x_wconf 85' lang='lat'>3.</span> 
     </span>
    </p>
   </div>
   <div class='ocr_carea' id='block_1_2' title="bbox 187 488 219 520">
    <p class='ocr_par' dir='ltr' id='par_1_2' title="bbox 187 488 219 520">
     <span class='ocr_line' id='line_1_2' title="bbox 187 488 219 520; baseline 0 0"><span class='ocrx_word' id='word_1_2' title='bbox 187 488 219 520; x_wconf 86' lang='lat'>1.</span> 
     </span>
    </p>
   </div>
   <div class='ocr_carea' id='block_1_3' title="bbox 168 771 207 805">
    <p class='ocr_par' dir='ltr' id='par_1_3' title="bbox 168 771 207 805">
     <span class='ocr_line' id='line_1_3' title="bbox 168 771 207 805; baseline 0.051 -2"><span class='ocrx_word' id='word_1_3' title='bbox 168 771 207 805; x_wconf 90' lang='lat' dir='ltr'>V.</span> 
     </span>
    </p>
   </div>
   <div class='ocr_carea' id='block_1_4' title="bbox 179 939 210 971">
    <p class='ocr_par' dir='ltr' id='par_1_4' title="bbox 179 939 210 971">
     <span class='ocr_line' id='line_1_4' title="bbox 179 939 210 971; baseline 0.032 -1"><span class='ocrx_word' id='word_1_4' title='bbox 179 939 210 971; x_wconf 85' lang='lat'>2.</span> 
     </span>
    </p>
   </div>
   <div class='ocr_carea' id='block_1_5' title="bbox 168 1221 208 1253">
    <p class='ocr_par' dir='ltr' id='par_1_5' title="bbox 168 1221 208 1253">
     <span class='ocr_line' id='line_1_5' title="bbox 168 1221 208 1253; baseline 0 0"><span class='ocrx_word' id='word_1_5' title='bbox 168 1221 208 1253; x_wconf 83' lang='lat' dir='ltr'>V.</span> 
     </span>
    </p>
   </div>
   <div class='ocr_carea' id='block_1_6' title="bbox 183 1388 216 1420">
    <p class='ocr_par' dir='ltr' id='par_1_6' title="bbox 183 1388 216 1420">
     <span class='ocr_line' id='line_1_6' title="bbox 183 1388 216 1420; baseline -0.03 0"><span class='ocrx_word' id='word_1_6' title='bbox 183 1388 216 1420; x_wconf 88' lang='lat'>3.</span> 
     </span>
    </p>
   </div>
   <div class='ocr_carea' id='block_1_7' title="bbox 177 2038 208 2071">
    <p class='ocr_par' dir='ltr' id='par_1_7' title="bbox 177 2038 208 2071">
     <span class='ocr_line' id='line_1_7' title="bbox 177 2038 208 2071; baseline 0 0"><span class='ocrx_word' id='word_1_7' title='bbox 177 2038 208 2071; x_wconf 90' lang='lat'>1.</span> 
     </span>
    </p>
   </div>
   <div class='ocr_carea' id='block_1_8' title="bbox 174 2254 207 2286">
    <p class='ocr_par' dir='ltr' id='par_1_8' title="bbox 174 2254 207 2286">
     <span class='ocr_line' id='line_1_8' title="bbox 174 2254 207 2286; baseline 0.03 -1"><span class='ocrx_word' id='word_1_8' title='bbox 174 2254 207 2286; x_wconf 86' lang='lat'>2.</span> 
     </span>
    </p>
   </div>
   <div class='ocr_carea' id='block_1_9' title="bbox 243 212 672 388">
    <p class='ocr_par' dir='ltr' id='par_1_9' title="bbox 245 212 665 303">
     <span class='ocr_line' id='line_1_9' title="bbox 245 212 634 254; baseline 0.003 -11"><span class='ocrx_word' id='word_1_9' title='bbox 245 212 330 252; x_wconf 85' lang='lat' dir='ltr'>Iesu,</span> <span class='ocrx_word' id='word_1_10' title='bbox 359 212 461 243; x_wconf 86' lang='lat' dir='ltr'>dulcis</span> <span class='ocrx_word' id='word_1_11' title='bbox 485 212 634 254; x_wconf 83' lang='lat' dir='ltr'>Domine,</span> 
     </span>
     <span class='ocr_line' id='line_1_10' title="bbox 292 259 665 303; baseline 0.005 -13"><span class='ocrx_word' id='word_1_12' title='bbox 292 259 375 299; x_wconf 81' lang='lat' dir='ltr'>Quid</span> <span class='ocrx_word' id='word_1_13' title='bbox 399 260 665 303; x_wconf 78' lang='lat' dir='ltr'>multiplicantur,</span> 
     </span>
    </p>

    <p class='ocr_par' dir='ltr' id='par_1_10' title="bbox 243 306 672 388">
     <span class='ocr_line' id='line_1_11' title="bbox 243 306 606 346; baseline 0.003 -8"><span class='ocrx_word' id='word_1_14' title='bbox 243 306 303 346; x_wconf 78' lang='lat' dir='ltr'>Qui</span> <span class='ocrx_word' id='word_1_15' title='bbox 329 308 447 340; x_wconf 86' lang='lat' dir='ltr'>erroris</span> <span class='ocrx_word' id='word_1_16' title='bbox 474 306 606 340; x_wconf 84' lang='lat' dir='ltr'>fulmine</span> 
     </span>
     <span class='ocr_line' id='line_1_12' title="bbox 290 354 672 388; baseline 0.005 -2"><span class='ocrx_word' id='word_1_17' title='bbox 290 354 387 387; x_wconf 90' lang='lat' dir='ltr'>Hunc</span> <span class='ocrx_word' id='word_1_18' title='bbox 413 355 672 388; x_wconf 82' lang='lat' dir='ltr'>calumniantur?</span> 
     </span>
    </p>
   </div>
   <div class='ocr_carea' id='block_1_10' title="bbox 378 431 588 467">
    <p class='ocr_par' dir='ltr' id='par_1_11' title="bbox 378 431 588 467">
     <span class='ocr_line' id='line_1_13' title="bbox 378 431 588 467; baseline 0 -9"><span class='ocrx_word' id='word_1_19' title='bbox 378 431 588 467; x_wconf 86' lang='lat' dir='ltr'>Responsoria.</span> 
     </span>
    </p>
   </div>
   <div class='ocr_carea' id='block_1_11' title="bbox 238 488 637 902">
    <p class='ocr_par' dir='ltr' id='par_1_12' title="bbox 244 488 479 520">
     <span class='ocr_line' id='line_1_14' title="bbox 244 488 479 520; baseline -0.004 0"><span class='ocrx_word' id='word_1_20' title='bbox 244 488 338 520; x_wconf 81' lang='lat' dir='ltr'>Isaac</span> <span class='ocrx_word' id='word_1_21' title='bbox 364 488 479 520; x_wconf 86' lang='lat' dir='ltr'>eximia</span> 
     </span>
    </p>

    <p class='ocr_par' dir='ltr' id='par_1_13' title="bbox 242 535 636 624">
     <span class='ocr_line' id='line_1_15' title="bbox 242 535 636 580; baseline 0.003 -13"><span class='ocrx_word' id='word_1_22' title='bbox 242 535 326 568; x_wconf 85' lang='lat' dir='ltr'>Nato</span> <span class='ocrx_word' id='word_1_23' title='bbox 352 538 487 576; x_wconf 88' lang='lat' dir='ltr'>surgunt</span> <span class='ocrx_word' id='word_1_24' title='bbox 509 536 636 580; x_wconf 84' lang='lat' dir='ltr'>gaudia,</span> 
     </span>
     <span class='ocr_line' id='line_1_16' title="bbox 290 583 607 624; baseline 0.003 -10"><span class='ocrx_word' id='word_1_25' title='bbox 290 583 468 615; x_wconf 85' lang='lat' dir='ltr'>Laetantur</span> <span class='ocrx_word' id='word_1_26' title='bbox 493 584 607 624; x_wconf 80' lang='lat' dir='ltr'>amici3</span> 
     </span>
    </p>

    <p class='ocr_par' dir='ltr' id='par_1_14' title="bbox 241 630 529 663">
     <span class='ocr_line' id='line_1_17' title="bbox 241 630 529 663; baseline 0 -1"><span class='ocrx_word' id='word_1_27' title='bbox 241 631 348 662; x_wconf 84' lang='lat' dir='ltr'>Amici</span> <span class='ocrx_word' id='word_1_28' title='bbox 373 630 529 663; x_wconf 89' lang='lat' dir='ltr'>ecclesiae</span> 
     </span>
    </p>

    <p class='ocr_par' dir='ltr' id='par_1_15' title="bbox 242 677 610 766">
     <span class='ocr_line' id='line_1_18' title="bbox 242 677 610 710; baseline 0.003 -1"><span class='ocrx_word' id='word_1_29' title='bbox 242 677 393 710; x_wconf 82' lang='lat' dir='ltr'>Gaudent</span> <span class='ocrx_word' id='word_1_30' title='bbox 416 681 489 710; x_wconf 81' lang='lat' dir='ltr'>ortu</span> <span class='ocrx_word' id='word_1_31' title='bbox 513 678 610 710; x_wconf 91' lang='lat' dir='ltr'>hodie</span> 
     </span>
     <span class='ocr_line' id='line_1_19' title="bbox 290 724 584 766; baseline 0 -9"><span class='ocrx_word' id='word_1_32' title='bbox 290 724 399 757; x_wconf 81' lang='lat' dir='ltr'>Sancti</span> <span class='ocrx_word' id='word_1_33' title='bbox 425 725 584 766; x_wconf 88' lang='lat' dir='ltr'>Udalrici,</span> 
     </span>
    </p>

    <p class='ocr_par' dir='ltr' id='par_1_16' title="bbox 242 772 637 812">
     <span class='ocr_line' id='line_1_20' title="bbox 242 772 637 812; baseline 0.003 -9"><span class='ocrx_word' id='word_1_34' title='bbox 242 772 337 804; x_wconf 91' lang='lat' dir='ltr'>Cuius</span> <span class='ocrx_word' id='word_1_35' title='bbox 364 772 492 812; x_wconf 85' lang='lat' dir='ltr'>quidem</span> <span class='ocrx_word' id='word_1_36' title='bbox 517 773 637 805; x_wconf 90' lang='lat' dir='ltr'>inclitis</span> 
     </span>
    </p>

    <p class='ocr_par' dir='ltr' id='par_1_17' title="bbox 238 820 604 902">
     <span class='ocr_line' id='line_1_21' title="bbox 238 820 604 852; baseline 0 0"><span class='ocrx_word' id='word_1_37' title='bbox 238 820 456 852; x_wconf 90' lang='lat' dir='ltr'>Conteruntur</span> <span class='ocrx_word' id='word_1_38' title='bbox 481 820 604 852; x_wconf 87' lang='lat' dir='ltr'>meritis</span> 
     </span>
     <span class='ocr_line' id='line_1_22' title="bbox 287 867 559 902; baseline -0.004 -3"><span class='ocrx_word' id='word_1_39' title='bbox 287 867 403 899; x_wconf 86' lang='lat' dir='ltr'>Omnes</span> <span class='ocrx_word' id='word_1_40' title='bbox 427 867 559 902; x_wconf 86' lang='lat' dir='ltr'>inimici.</span> 
     </span>
    </p>
   </div>
   <div class='ocr_carea' id='block_1_12' title="bbox 236 937 677 1357">
    <p class='ocr_par' dir='ltr' id='par_1_18' title="bbox 236 937 582 1018">
     <span class='ocr_line' id='line_1_23' title="bbox 236 937 582 970; baseline 0.003 -1"><span class='ocrx_word' id='word_1_41' title='bbox 236 937 409 970; x_wconf 88' lang='lat' dir='ltr'>Udalricus</span> <span class='ocrx_word' id='word_1_42' title='bbox 437 938 582 970; x_wconf 79' lang='lat' dir='ltr'>dulcibus</span> 
     </span>
     <span class='ocr_line' id='line_1_24' title="bbox 241 984 581 1018; baseline 0.003 -2"><span class='ocrx_word' id='word_1_43' title='bbox 241 985 398 1018; x_wconf 89' lang='lat' dir='ltr'>Theoriae</span> <span class='ocrx_word' id='word_1_44' title='bbox 424 984 581 1017; x_wconf 90' lang='lat' dir='ltr'>fructibus</span> 
     </span>
    </p>

    <p class='ocr_par' dir='ltr' id='par_1_19' title="bbox 236 1033 659 1167">
     <span class='ocr_line' id='line_1_25' title="bbox 289 1033 638 1073; baseline 0.003 -9"><span class='ocrx_word' id='word_1_45' title='bbox 289 1033 330 1065; x_wconf 90' lang='lat' dir='ltr'>Se</span> <span class='ocrx_word' id='word_1_46' title='bbox 354 1035 455 1064; x_wconf 89' lang='lat' dir='ltr'>totum</span> <span class='ocrx_word' id='word_1_47' title='bbox 482 1033 638 1073; x_wconf 86' lang='lat' dir='ltr'>replebat,</span> 
     </span>
     <span class='ocr_line' id='line_1_26' title="bbox 236 1080 639 1120; baseline 0.002 -9"><span class='ocrx_word' id='word_1_48' title='bbox 236 1080 364 1111; x_wconf 84' lang='lat' dir='ltr'>Amoris</span> <span class='ocrx_word' id='word_1_49' title='bbox 391 1080 465 1112; x_wconf 92' lang='lat' dir='ltr'>dum</span> <span class='ocrx_word' id='word_1_50' title='bbox 490 1081 639 1120; x_wconf 87' lang='lat' dir='ltr'>passibus</span> 
     </span>
     <span class='ocr_line' id='line_1_27' title="bbox 240 1126 659 1167; baseline 0.005 -9"><span class='ocrx_word' id='word_1_51' title='bbox 240 1126 364 1158; x_wconf 89' lang='lat' dir='ltr'>Scalam</span> <span class='ocrx_word' id='word_1_52' title='bbox 390 1127 487 1159; x_wconf 83' lang='lat' dir='ltr'>Iacob</span> <span class='ocrx_word' id='word_1_53' title='bbox 513 1128 659 1167; x_wconf 87' lang='lat' dir='ltr'>partibus</span> 
     </span>
    </p>

    <p class='ocr_par' dir='ltr' id='par_1_20' title="bbox 241 1174 677 1311">
     <span class='ocr_line' id='line_1_28' title="bbox 287 1174 677 1215; baseline 0 -8"><span class='ocrx_word' id='word_1_54' title='bbox 287 1174 325 1207; x_wconf 91' lang='lat' dir='ltr'>In</span> <span class='ocrx_word' id='word_1_55' title='bbox 351 1175 483 1206; x_wconf 91' lang='lat' dir='ltr'>summis</span> <span class='ocrx_word' id='word_1_56' title='bbox 510 1175 677 1215; x_wconf 83' lang='lat' dir='ltr'>tangebat3</span> 
     </span>
     <span class='ocr_line' id='line_1_29' title="bbox 243 1220 646 1261; baseline 0.002 -8"><span class='ocrx_word' id='word_1_57' title='bbox 243 1220 344 1253; x_wconf 89' lang='lat' dir='ltr'>Donis</span> <span class='ocrx_word' id='word_1_58' title='bbox 370 1231 429 1261; x_wconf 91' lang='lat' dir='ltr'>pro</span> <span class='ocrx_word' id='word_1_59' title='bbox 456 1223 646 1254; x_wconf 86' lang='lat' dir='ltr'>caelestibus</span> 
     </span>
     <span class='ocr_line' id='line_1_30' title="bbox 241 1268 570 1311; baseline 0.003 -11"><span class='ocrx_word' id='word_1_60' title='bbox 241 1268 354 1301; x_wconf 88' lang='lat' dir='ltr'>Omnia</span> <span class='ocrx_word' id='word_1_61' title='bbox 376 1269 570 1311; x_wconf 86' lang='lat' dir='ltr'>pauperibus</span> 
     </span>
    </p>

    <p class='ocr_par' dir='ltr' id='par_1_21' title="bbox 287 1315 569 1357">
     <span class='ocr_line' id='line_1_31' title="bbox 287 1315 569 1357; baseline 0.007 -9"><span class='ocrx_word' id='word_1_62' title='bbox 287 1315 351 1348; x_wconf 87' lang='lat' dir='ltr'>Sua</span> <span class='ocrx_word' id='word_1_63' title='bbox 374 1316 569 1357; x_wconf 78' lang='lat' dir='ltr'>porrigebat.</span> 
     </span>
    </p>
   </div>
   <div class='ocr_carea' id='block_1_13' title="bbox 240 1387 687 1855">
    <p class='ocr_par' dir='ltr' id='par_1_22' title="bbox 240 1387 687 1855">
     <span class='ocr_line' id='line_1_32' title="bbox 243 1387 618 1428; baseline 0.003 -9"><span class='ocrx_word' id='word_1_64' title='bbox 243 1387 393 1419; x_wconf 87' lang='lat' dir='ltr'>Rachelis</span> <span class='ocrx_word' id='word_1_65' title='bbox 418 1387 618 1428; x_wconf 82' lang='lat' dir='ltr'>amplexibus</span> 
     </span>
     <span class='ocr_line' id='line_1_33' title="bbox 240 1434 529 1466; baseline 0.003 -1"><span class='ocrx_word' id='word_1_66' title='bbox 240 1435 307 1466; x_wconf 87' lang='lat' dir='ltr'>Iste</span> <span class='ocrx_word' id='word_1_67' title='bbox 334 1434 529 1466; x_wconf 88' lang='lat' dir='ltr'>dulcioribus</span> 
     </span>
     <span class='ocr_line' id='line_1_34' title="bbox 288 1481 559 1525; baseline 0 -12"><span class='ocrx_word' id='word_1_68' title='bbox 288 1481 425 1521; x_wconf 85' lang='lat' dir='ltr'>Cupiens</span> <span class='ocrx_word' id='word_1_69' title='bbox 451 1482 559 1525; x_wconf 92' lang='lat' dir='ltr'>potiri,</span> 
     </span>
     <span class='ocr_line' id='line_1_35' title="bbox 240 1529 564 1562; baseline 0 -1"><span class='ocrx_word' id='word_1_70' title='bbox 240 1529 319 1561; x_wconf 88' lang='lat' dir='ltr'>Liae</span> <span class='ocrx_word' id='word_1_71' title='bbox 344 1537 379 1560; x_wconf 91' lang='lat' dir='ltr'>se</span> <span class='ocrx_word' id='word_1_72' title='bbox 400 1529 564 1562; x_wconf 86' lang='lat' dir='ltr'>laboribus</span> 
     </span>
     <span class='ocr_line' id='line_1_36' title="bbox 240 1576 564 1617; baseline 0.003 -9"><span class='ocrx_word' id='word_1_73' title='bbox 240 1576 343 1616; x_wconf 85' lang='lat' dir='ltr'>Saepe</span> <span class='ocrx_word' id='word_1_74' title='bbox 365 1577 564 1617; x_wconf 87' lang='lat' dir='ltr'>gravioribus</span> 
     </span>
     <span class='ocr_line' id='line_1_37' title="bbox 287 1624 581 1664; baseline 0 -7"><span class='ocrx_word' id='word_1_75' title='bbox 287 1624 395 1657; x_wconf 82' lang='lat' dir='ltr'>Sensit</span> <span class='ocrx_word' id='word_1_76' title='bbox 418 1624 581 1664; x_wconf 87' lang='lat' dir='ltr'>impediri.</span> 
     </span>
     <span class='ocr_line' id='line_1_38' title="bbox 245 1671 535 1704; baseline 0 0"><span class='ocrx_word' id='word_1_77' title='bbox 245 1672 283 1704; x_wconf 86' lang='lat' dir='ltr'>In</span> <span class='ocrx_word' id='word_1_78' title='bbox 310 1672 362 1704; x_wconf 90' lang='lat' dir='ltr'>die</span> <span class='ocrx_word' id='word_1_79' title='bbox 385 1671 535 1704; x_wconf 87' lang='lat' dir='ltr'>fidelibus</span> 
     </span>
     <span class='ocr_line' id='line_1_39' title="bbox 289 1718 687 1761; baseline 0.003 -10"><span class='ocrx_word' id='word_1_80' title='bbox 289 1718 367 1751; x_wconf 90' lang='lat' dir='ltr'>Cum</span> <span class='ocrx_word' id='word_1_81' title='bbox 394 1719 526 1751; x_wconf 88' lang='lat' dir='ltr'>Martha</span> <span class='ocrx_word' id='word_1_82' title='bbox 550 1720 687 1761; x_wconf 87' lang='lat' dir='ltr'>laborat,</span> 
     </span>
     <span class='ocr_line' id='line_1_40' title="bbox 240 1766 621 1799; baseline 0.003 -1"><span class='ocrx_word' id='word_1_83' title='bbox 240 1766 317 1798; x_wconf 68' lang='lat' dir='ltr'>Cum</span> <span class='ocrx_word' id='word_1_84' title='bbox 343 1767 448 1799; x_wconf 83' lang='lat' dir='ltr'>Maria</span> <span class='ocrx_word' id='word_1_85' title='bbox 473 1767 621 1799; x_wconf 88' lang='lat' dir='ltr'>noctibus</span> 
     </span>
     <span class='ocr_line' id='line_1_41' title="bbox 283 1813 643 1855; baseline 0.003 -9"><span class='ocrx_word' id='word_1_86' title='bbox 283 1813 388 1854; x_wconf 86' lang='lat' dir='ltr'>Legit,</span> <span class='ocrx_word' id='word_1_87' title='bbox 415 1815 536 1855; x_wconf 85' lang='lat' dir='ltr'>psallit,</span> <span class='ocrx_word' id='word_1_88' title='bbox 563 1819 643 1848; x_wconf 87' lang='lat' dir='ltr'>orat.</span> 
     </span>
    </p>
   </div>
   <div class='ocr_carea' id='block_1_14' title="bbox 300 1909 659 1943">
    <p class='ocr_par' dir='ltr' id='par_1_23' title="bbox 300 1909 659 1943">
     <span class='ocr_line' id='line_1_42' title="bbox 300 1909 659 1943; baseline 0.006 -2"><span class='ocrx_word' id='word_1_89' title='bbox 300 1909 346 1941; x_wconf 92' lang='lat' dir='ltr'>In</span> <span class='ocrx_word' id='word_1_90' title='bbox 373 1911 404 1943; x_wconf 84' lang='lat'>2.</span> <span class='ocrx_word' id='word_1_91' title='bbox 432 1910 659 1943; x_wconf 86' lang='lat' dir='ltr'>Nocturno.</span> 
     </span>
    </p>
   </div>
   <div class='ocr_carea' id='block_1_15' title="bbox 381 1985 579 2020">
    <p class='ocr_par' dir='ltr' id='par_1_24' title="bbox 381 1985 579 2020">
     <span class='ocr_line' id='line_1_43' title="bbox 381 1985 579 2020; baseline 0.005 -8"><span class='ocrx_word' id='word_1_92' title='bbox 381 1985 579 2020; x_wconf 74' lang='lat' dir='ltr'>Antiphonae.</span> 
     </span>
    </p>
   </div>
   <div class='ocr_carea' id='block_1_16' title="bbox 233 2038 628 2216">
    <p class='ocr_par' dir='ltr' id='par_1_25' title="bbox 233 2038 628 2216">
     <span class='ocr_line' id='line_1_44' title="bbox 237 2038 592 2079; baseline 0 -8"><span class='ocrx_word' id='word_1_93' title='bbox 237 2038 278 2071; x_wconf 87' lang='lat' dir='ltr'>In</span> <span class='ocrx_word' id='word_1_94' title='bbox 303 2047 361 2078; x_wconf 90' lang='lat' dir='ltr'>spe</span> <span class='ocrx_word' id='word_1_95' title='bbox 386 2039 592 2079; x_wconf 84' lang='lat' dir='ltr'>singulariter</span> 
     </span>
     <span class='ocr_line' id='line_1_45' title="bbox 284 2086 567 2119; baseline 0.004 -2"><span class='ocrx_word' id='word_1_96' title='bbox 284 2086 353 2118; x_wconf 87' lang='lat' dir='ltr'>Iste</span> <span class='ocrx_word' id='word_1_97' title='bbox 378 2088 567 2119; x_wconf 89' lang='lat' dir='ltr'>constitutus</span> 
     </span>
     <span class='ocr_line' id='line_1_46' title="bbox 233 2133 628 2167; baseline 0.003 -2"><span class='ocrx_word' id='word_1_98' title='bbox 233 2134 272 2165; x_wconf 90' lang='lat' dir='ltr'>In</span> <span class='ocrx_word' id='word_1_99' title='bbox 297 2133 380 2167; x_wconf 92' lang='lat' dir='ltr'>bono</span> <span class='ocrx_word' id='word_1_100' title='bbox 405 2136 471 2166; x_wconf 88' lang='lat' dir='ltr'>stat</span> <span class='ocrx_word' id='word_1_101' title='bbox 494 2134 628 2167; x_wconf 87' lang='lat' dir='ltr'>firmiter</span> 
     </span>
     <span class='ocr_line' id='line_1_47' title="bbox 281 2181 571 2216; baseline 0 -1"><span class='ocrx_word' id='word_1_102' title='bbox 281 2181 312 2215; x_wconf 89' lang='lat' dir='ltr'><strong>A</strong></span> <span class='ocrx_word' id='word_1_103' title='bbox 337 2182 407 2214; x_wconf 91' lang='lat' dir='ltr'>Deo</span> <span class='ocrx_word' id='word_1_104' title='bbox 433 2183 571 2216; x_wconf 84' lang='lat' dir='ltr'>adiutuS.</span> 
     </span>
    </p>
   </div>
   <div class='ocr_carea' id='block_1_17' title="bbox 231 2253 683 2432">
    <p class='ocr_par' dir='ltr' id='par_1_26' title="bbox 234 2253 637 2345">
     <span class='ocr_line' id='line_1_48' title="bbox 234 2253 637 2297; baseline 0.002 -12"><span class='ocrx_word' id='word_1_105' title='bbox 234 2253 341 2286; x_wconf 88' lang='lat' dir='ltr'>Verba</span> <span class='ocrx_word' id='word_1_106' title='bbox 367 2254 460 2286; x_wconf 91' lang='lat' dir='ltr'>huius</span> <span class='ocrx_word' id='word_1_107' title='bbox 484 2254 637 2297; x_wconf 84' lang='lat' dir='ltr'>percipis,</span> 
     </span>
     <span class='ocr_line' id='line_1_49' title="bbox 281 2301 586 2345; baseline 0 -11"><span class='ocrx_word' id='word_1_108' title='bbox 281 2302 306 2335; x_wconf 93' lang='lat' dir='ltr'>O</span> <span class='ocrx_word' id='word_1_109' title='bbox 331 2301 419 2334; x_wconf 89' lang='lat' dir='ltr'>Deus</span> <span class='ocrx_word' id='word_1_110' title='bbox 446 2302 586 2345; x_wconf 89' lang='lat' dir='ltr'>deorum,</span> 
     </span>
    </p>

    <p class='ocr_par' dir='ltr' id='par_1_27' title="bbox 231 2349 683 2432">
     <span class='ocr_line' id='line_1_50' title="bbox 231 2349 657 2391; baseline 0.005 -10"><span class='ocrx_word' id='word_1_111' title='bbox 231 2349 344 2389; x_wconf 88' lang='lat' dir='ltr'>Ipsum</span> <span class='ocrx_word' id='word_1_112' title='bbox 369 2350 496 2390; x_wconf 89' lang='lat' dir='ltr'>quando</span> <span class='ocrx_word' id='word_1_113' title='bbox 521 2351 657 2391; x_wconf 87' lang='lat' dir='ltr'>suscipis</span> 
     </span>
     <span class='ocr_line' id='line_1_51' title="bbox 281 2397 683 2432; baseline 0.005 -3"><span class='ocrx_word' id='word_1_114' title='bbox 281 2397 319 2429; x_wconf 92' lang='lat' dir='ltr'>In</span> <span class='ocrx_word' id='word_1_115' title='bbox 345 2401 463 2430; x_wconf 88' lang='lat' dir='ltr'>sortem</span> <span class='ocrx_word' id='word_1_116' title='bbox 490 2402 683 2432; x_wconf 86' lang='lat' dir='ltr'>sanctorum.</span> 
     </span>
    </p>
   </div>
   <div class='ocr_carea' id='block_1_18' title="bbox 811 116 952 152">
    <p class='ocr_par' dir='ltr' id='par_1_28' title="bbox 811 116 952 152">
     <span class='ocr_line' id='line_1_52' title="bbox 811 116 952 152; baseline 0.007 0"><span class='ocrx_word' id='word_1_117' title='bbox 811 116 952 152; x_wconf 83' lang='lat'>86—</span> 
     </span>
    </p>
   </div>
   <div class='ocr_carea' id='block_1_19' title="bbox 878 213 1325 389">
    <p class='ocr_par' dir='ltr' id='par_1_29' title="bbox 878 213 1325 389">
     <span class='ocr_line' id='line_1_53' title="bbox 878 213 1253 254; baseline -0.011 -6"><span class='ocrx_word' id='word_1_118' title='bbox 878 215 910 248; x_wconf 85' lang='lat'>3.</span> <span class='ocrx_word' id='word_1_119' title='bbox 936 214 1068 246; x_wconf 90' lang='lat' dir='ltr'>Honore</span> <span class='ocrx_word' id='word_1_120' title='bbox 1093 216 1125 245; x_wconf 89' lang='lat' dir='ltr'>et</span> <span class='ocrx_word' id='word_1_121' title='bbox 1149 213 1253 254; x_wconf 86' lang='lat' dir='ltr'>gloria</span> 
     </span>
     <span class='ocr_line' id='line_1_54' title="bbox 979 261 1264 303; baseline -0.007 -9"><span class='ocrx_word' id='word_1_122' title='bbox 979 261 1062 294; x_wconf 90' lang='lat' dir='ltr'>Eum</span> <span class='ocrx_word' id='word_1_123' title='bbox 1090 261 1264 303; x_wconf 87' lang='lat' dir='ltr'>coronavit,</span> 
     </span>
     <span class='ocr_line' id='line_1_55' title="bbox 931 309 1325 349; baseline -0.003 -8"><span class='ocrx_word' id='word_1_124' title='bbox 931 309 1074 341; x_wconf 89' lang='lat' dir='ltr'>Plurima</span> <span class='ocrx_word' id='word_1_125' title='bbox 1100 318 1193 349; x_wconf 91' lang='lat' dir='ltr'>quem</span> <span class='ocrx_word' id='word_1_126' title='bbox 1219 309 1325 349; x_wconf 86' lang='lat' dir='ltr'>gratia</span> 
     </span>
     <span class='ocr_line' id='line_1_56' title="bbox 979 356 1290 389; baseline 0 0"><span class='ocrx_word' id='word_1_127' title='bbox 979 356 1135 389; x_wconf 90' lang='lat' dir='ltr'>Dominus</span> <span class='ocrx_word' id='word_1_128' title='bbox 1163 357 1290 389; x_wconf 88' lang='lat' dir='ltr'>ditavit.</span> 
     </span>
    </p>
   </div>
   <div class='ocr_carea' id='block_1_20' title="bbox 1067 452 1277 487">
    <p class='ocr_par' dir='ltr' id='par_1_30' title="bbox 1067 452 1277 487">
     <span class='ocr_line' id='line_1_57' title="bbox 1067 452 1277 487; baseline 0 -8"><span class='ocrx_word' id='word_1_129' title='bbox 1067 452 1277 487; x_wconf 85' lang='lat' dir='ltr'>Responsoria.</span> 
     </span>
    </p>
   </div>
   <div class='ocr_carea' id='block_1_21' title="bbox 855 511 1381 927">
    <p class='ocr_par' dir='ltr' id='par_1_31' title="bbox 855 511 1381 927">
     <span class='ocr_line' id='line_1_58' title="bbox 872 511 1367 552; baseline -0.002 -8"><span class='ocrx_word' id='word_1_130' title='bbox 872 511 903 544; x_wconf 87' lang='lat'>1.</span> <span class='ocrx_word' id='word_1_131' title='bbox 930 511 1091 544; x_wconf 88' lang='lat' dir='ltr'>Christum</span> <span class='ocrx_word' id='word_1_132' title='bbox 1118 512 1210 552; x_wconf 87' lang='lat' dir='ltr'>quasi</span> <span class='ocrx_word' id='word_1_133' title='bbox 1238 512 1367 551; x_wconf 84' lang='lat' dir='ltr'>sapiens</span> 
     </span>
     <span class='ocr_line' id='line_1_59' title="bbox 929 559 1280 591; baseline 0.003 -1"><span class='ocrx_word' id='word_1_134' title='bbox 929 559 1135 591; x_wconf 86' lang='lat' dir='ltr'>Architectus</span> <span class='ocrx_word' id='word_1_135' title='bbox 1160 559 1280 591; x_wconf 87' lang='lat' dir='ltr'>iaciens</span> 
     </span>
     <span class='ocr_line' id='line_1_60' title="bbox 977 605 1323 650; baseline -0.003 -11"><span class='ocrx_word' id='word_1_136' title='bbox 977 606 1046 639; x_wconf 88' lang='lat' dir='ltr'>Sibi</span> <span class='ocrx_word' id='word_1_137' title='bbox 1068 605 1323 650; x_wconf 86' lang='lat' dir='ltr'>fundamentum,</span> 
     </span>
     <span class='ocr_line' id='line_1_61' title="bbox 929 653 1287 694; baseline 0 -8"><span class='ocrx_word' id='word_1_138' title='bbox 929 653 1032 694; x_wconf 86' lang='lat' dir='ltr'>Super</span> <span class='ocrx_word' id='word_1_139' title='bbox 1058 663 1120 694; x_wconf 85' lang='lat' dir='ltr'>quo</span> <span class='ocrx_word' id='word_1_140' title='bbox 1147 654 1287 687; x_wconf 86' lang='lat' dir='ltr'>fideliter</span> 
     </span>
     <span class='ocr_line' id='line_1_62' title="bbox 924 701 1381 744; baseline 0 -11"><span class='ocrx_word' id='word_1_141' title='bbox 924 701 1057 734; x_wconf 85' lang='lat' dir='ltr'>Fundat</span> <span class='ocrx_word' id='word_1_142' title='bbox 1080 711 1220 743; x_wconf 88' lang='lat' dir='ltr'>gemmas</span> <span class='ocrx_word' id='word_1_143' title='bbox 1245 702 1381 744; x_wconf 88' lang='lat' dir='ltr'>pariter,</span> 
     </span>
     <span class='ocr_line' id='line_1_63' title="bbox 975 750 1367 792; baseline 0.005 -12"><span class='ocrx_word' id='word_1_144' title='bbox 975 750 1097 781; x_wconf 86' lang='lat' dir='ltr'>Aurum</span> <span class='ocrx_word' id='word_1_145' title='bbox 1125 753 1157 781; x_wconf 89' lang='lat' dir='ltr'>et</span> <span class='ocrx_word' id='word_1_146' title='bbox 1180 754 1367 792; x_wconf 80' lang='lat' dir='ltr'>argentum3</span> 
     </span>
     <span class='ocr_line' id='line_1_64' title="bbox 855 795 1228 839; baseline 0.005 -12"><span class='ocrx_word' id='word_1_147' title='bbox 855 795 894 828; x_wconf 90' lang='lat' dir='ltr'>V.</span> <span class='ocrx_word' id='word_1_148' title='bbox 931 796 1087 829; x_wconf 91' lang='lat' dir='ltr'>Udalrico</span> <span class='ocrx_word' id='word_1_149' title='bbox 1111 798 1228 839; x_wconf 85' lang='lat' dir='ltr'>iugiter</span> 
     </span>
     <span class='ocr_line' id='line_1_65' title="bbox 928 843 1231 877; baseline 0.007 -2"><span class='ocrx_word' id='word_1_150' title='bbox 928 844 1007 876; x_wconf 85' lang='lat' dir='ltr'>Fuit</span> <span class='ocrx_word' id='word_1_151' title='bbox 1032 848 1065 876; x_wconf 90' lang='lat' dir='ltr'>et</span> <span class='ocrx_word' id='word_1_152' title='bbox 1089 843 1231 877; x_wconf 88' lang='lat' dir='ltr'>feliciter</span> 
     </span>
     <span class='ocr_line' id='line_1_66' title="bbox 977 890 1343 927; baseline 0.008 -4"><span class='ocrx_word' id='word_1_153' title='bbox 977 890 1122 924; x_wconf 85' lang='lat' dir='ltr'>Christus</span> <span class='ocrx_word' id='word_1_154' title='bbox 1147 893 1343 927; x_wconf 84' lang='lat' dir='ltr'>alimentum.</span> 
     </span>
    </p>
   </div>
   <div class='ocr_carea' id='block_1_22' title="bbox 852 958 1367 1380">
    <p class='ocr_par' dir='ltr' id='par_1_32' title="bbox 852 958 1367 1380">
     <span class='ocr_line' id='line_1_67' title="bbox 868 958 1307 991; baseline 0.005 -2"><span class='ocrx_word' id='word_1_155' title='bbox 868 958 899 990; x_wconf 86' lang='lat'>2.</span> <span class='ocrx_word' id='word_1_156' title='bbox 925 958 1020 989; x_wconf 89' lang='lat' dir='ltr'>Mare</span> <span class='ocrx_word' id='word_1_157' title='bbox 1045 958 1179 990; x_wconf 91' lang='lat' dir='ltr'>rubrum</span> <span class='ocrx_word' id='word_1_158' title='bbox 1204 959 1307 991; x_wconf 90' lang='lat' dir='ltr'>libere</span> 
     </span>
     <span class='ocr_line' id='line_1_68' title="bbox 927 1004 1201 1038; baseline 0.004 -1"><span class='ocrx_word' id='word_1_159' title='bbox 927 1004 1056 1037; x_wconf 88' lang='lat' dir='ltr'>Siccato</span> <span class='ocrx_word' id='word_1_160' title='bbox 1082 1006 1201 1038; x_wconf 88' lang='lat' dir='ltr'>itinere</span> 
     </span>
     <span class='ocr_line' id='line_1_69' title="bbox 973 1053 1331 1098; baseline 0.008 -14"><span class='ocrx_word' id='word_1_161' title='bbox 973 1053 1156 1085; x_wconf 89' lang='lat' dir='ltr'>Transeunt</span> <span class='ocrx_word' id='word_1_162' title='bbox 1178 1054 1331 1098; x_wconf 87' lang='lat' dir='ltr'>Hebraei,</span> 
     </span>
     <span class='ocr_line' id='line_1_70' title="bbox 928 1099 1253 1134; baseline 0.009 -3"><span class='ocrx_word' id='word_1_163' title='bbox 928 1099 1098 1133; x_wconf 89' lang='lat' dir='ltr'>Udalricus</span> <span class='ocrx_word' id='word_1_164' title='bbox 1123 1100 1253 1134; x_wconf 89' lang='lat' dir='ltr'>fluidam</span> 
     </span>
     <span class='ocr_line' id='line_1_71' title="bbox 924 1147 1367 1189; baseline 0.009 -11"><span class='ocrx_word' id='word_1_165' title='bbox 924 1147 1049 1188; x_wconf 87' lang='lat' dir='ltr'>Aquam</span> <span class='ocrx_word' id='word_1_166' title='bbox 1077 1157 1134 1180; x_wconf 87' lang='lat' dir='ltr'>ceu</span> <span class='ocrx_word' id='word_1_167' title='bbox 1158 1158 1219 1189; x_wconf 88' lang='lat' dir='ltr'>per</span> <span class='ocrx_word' id='word_1_168' title='bbox 1243 1150 1367 1182; x_wconf 87' lang='lat' dir='ltr'>aridam</span> 
     </span>
     <span class='ocr_line' id='line_1_72' title="bbox 972 1195 1330 1239; baseline 0.006 -12"><span class='ocrx_word' id='word_1_169' title='bbox 972 1195 1103 1227; x_wconf 81' lang='lat' dir='ltr'>Transit</span> <span class='ocrx_word' id='word_1_170' title='bbox 1131 1197 1227 1229; x_wconf 89' lang='lat' dir='ltr'>ductu</span> <span class='ocrx_word' id='word_1_171' title='bbox 1253 1197 1330 1239; x_wconf 83' lang='lat' dir='ltr'>Dei3</span> 
     </span>
     <span class='ocr_line' id='line_1_73' title="bbox 852 1241 1301 1282; baseline 0.004 -8"><span class='ocrx_word' id='word_1_172' title='bbox 852 1241 890 1274; x_wconf 85' lang='lat' dir='ltr'>V.</span> <span class='ocrx_word' id='word_1_173' title='bbox 925 1242 1030 1282; x_wconf 90' lang='lat' dir='ltr'>Iubet,</span> <span class='ocrx_word' id='word_1_174' title='bbox 1056 1243 1137 1275; x_wconf 93' lang='lat' dir='ltr'>haec</span> <span class='ocrx_word' id='word_1_175' title='bbox 1161 1248 1197 1276; x_wconf 87' lang='lat' dir='ltr'>ut</span> <span class='ocrx_word' id='word_1_176' title='bbox 1220 1245 1301 1277; x_wconf 90' lang='lat' dir='ltr'>visio</span> 
     </span>
     <span class='ocr_line' id='line_1_74' title="bbox 926 1289 1263 1332; baseline 0.009 -11"><span class='ocrx_word' id='word_1_177' title='bbox 926 1289 1102 1322; x_wconf 87' lang='lat' dir='ltr'>Claudatur</span> <span class='ocrx_word' id='word_1_178' title='bbox 1124 1292 1263 1332; x_wconf 90' lang='lat' dir='ltr'>silentio,</span> 
     </span>
     <span class='ocr_line' id='line_1_75' title="bbox 973 1337 1333 1380; baseline 0.011 -11"><span class='ocrx_word' id='word_1_179' title='bbox 973 1337 1069 1370; x_wconf 87' lang='lat' dir='ltr'>Pater</span> <span class='ocrx_word' id='word_1_180' title='bbox 1095 1348 1229 1380; x_wconf 88' lang='lat' dir='ltr'>magnae</span> <span class='ocrx_word' id='word_1_181' title='bbox 1254 1341 1333 1380; x_wconf 87' lang='lat' dir='ltr'>spei.</span> 
     </span>
    </p>
   </div>
   <div class='ocr_carea' id='block_1_23' title="bbox 851 1404 1384 1830">
    <p class='ocr_par' dir='ltr' id='par_1_33' title="bbox 851 1404 1384 1830">
     <span class='ocr_line' id='line_1_76' title="bbox 866 1404 1322 1446; baseline 0.002 -8"><span class='ocrx_word' id='word_1_182' title='bbox 866 1405 898 1438; x_wconf 83' lang='lat'>3.</span> <span class='ocrx_word' id='word_1_183' title='bbox 923 1405 988 1437; x_wconf 90' lang='lat' dir='ltr'>Hic</span> <span class='ocrx_word' id='word_1_184' title='bbox 1013 1404 1095 1446; x_wconf 85' lang='lat' dir='ltr'>fugit</span> <span class='ocrx_word' id='word_1_185' title='bbox 1118 1409 1150 1437; x_wconf 88' lang='lat' dir='ltr'>et</span> <span class='ocrx_word' id='word_1_186' title='bbox 1175 1407 1322 1439; x_wconf 85' lang='lat' dir='ltr'>conditur</span> 
     </span>
     <span class='ocr_line' id='line_1_77' title="bbox 924 1453 1384 1495; baseline 0.007 -11"><span class='ocrx_word' id='word_1_187' title='bbox 924 1453 972 1485; x_wconf 91' lang='lat' dir='ltr'>Ut</span> <span class='ocrx_word' id='word_1_188' title='bbox 995 1453 1095 1494; x_wconf 87' lang='lat' dir='ltr'>Iesus,</span> <span class='ocrx_word' id='word_1_189' title='bbox 1124 1461 1194 1485; x_wconf 89' lang='lat' dir='ltr'>cum</span> <span class='ocrx_word' id='word_1_190' title='bbox 1219 1456 1384 1495; x_wconf 87' lang='lat' dir='ltr'>quaeritur</span> 
     </span>
     <span class='ocr_line' id='line_1_78' title="bbox 971 1501 1339 1543; baseline 0.011 -12"><span class='ocrx_word' id='word_1_191' title='bbox 971 1501 999 1532; x_wconf 93' lang='lat' dir='ltr'>A</span> <span class='ocrx_word' id='word_1_192' title='bbox 1026 1501 1129 1533; x_wconf 89' lang='lat' dir='ltr'>turbis</span> <span class='ocrx_word' id='word_1_193' title='bbox 1155 1502 1197 1534; x_wconf 90' lang='lat' dir='ltr'>ad</span> <span class='ocrx_word' id='word_1_194' title='bbox 1221 1511 1339 1543; x_wconf 85' lang='lat' dir='ltr'>regem.</span> 
     </span>
     <span class='ocr_line' id='line_1_79' title="bbox 923 1547 1381 1591; baseline 0.011 -13"><span class='ocrx_word' id='word_1_195' title='bbox 923 1547 974 1579; x_wconf 83' lang='lat' dir='ltr'>Ne</span> <span class='ocrx_word' id='word_1_196' title='bbox 999 1552 1110 1588; x_wconf 83' lang='lat' dir='ltr'>surgat</span> <span class='ocrx_word' id='word_1_197' title='bbox 1132 1549 1165 1580; x_wconf 91' lang='lat' dir='ltr'>in</span> <span class='ocrx_word' id='word_1_198' title='bbox 1190 1551 1381 1591; x_wconf 88' lang='lat' dir='ltr'>praesulem,</span> 
     </span>
     <span class='ocr_line' id='line_1_80' title="bbox 922 1594 1325 1636; baseline 0.007 -10"><span class='ocrx_word' id='word_1_199' title='bbox 922 1594 1044 1635; x_wconf 87' lang='lat' dir='ltr'>Fugam</span> <span class='ocrx_word' id='word_1_200' title='bbox 1071 1597 1157 1636; x_wconf 89' lang='lat' dir='ltr'>rapit</span> <span class='ocrx_word' id='word_1_201' title='bbox 1184 1598 1325 1629; x_wconf 84' lang='lat' dir='ltr'>exsulem</span> 
     </span>
     <span class='ocr_line' id='line_1_81' title="bbox 971 1644 1352 1689; baseline 0.008 -15"><span class='ocrx_word' id='word_1_202' title='bbox 971 1644 1044 1675; x_wconf 92' lang='lat' dir='ltr'>Iesu</span> <span class='ocrx_word' id='word_1_203' title='bbox 1071 1652 1207 1684; x_wconf 85' lang='lat' dir='ltr'>sequens</span> <span class='ocrx_word' id='word_1_204' title='bbox 1232 1645 1352 1689; x_wconf 73' lang='lat' dir='ltr'>legem,</span> 
     </span>
     <span class='ocr_line' id='line_1_82' title="bbox 851 1689 1253 1724; baseline 0.01 -4"><span class='ocrx_word' id='word_1_205' title='bbox 851 1689 891 1722; x_wconf 90' lang='lat' dir='ltr'>V.</span> <span class='ocrx_word' id='word_1_206' title='bbox 926 1690 1099 1723; x_wconf 86' lang='lat' dir='ltr'>Udalricus</span> <span class='ocrx_word' id='word_1_207' title='bbox 1125 1692 1253 1724; x_wconf 89' lang='lat' dir='ltr'>humilis</span> 
     </span>
     <span class='ocr_line' id='line_1_83' title="bbox 923 1737 1312 1773; baseline 0.008 -3"><span class='ocrx_word' id='word_1_208' title='bbox 923 1737 1078 1771; x_wconf 89' lang='lat' dir='ltr'>Dammae</span> <span class='ocrx_word' id='word_1_209' title='bbox 1103 1740 1173 1772; x_wconf 91' lang='lat' dir='ltr'>miti</span> <span class='ocrx_word' id='word_1_210' title='bbox 1199 1740 1312 1773; x_wconf 89' lang='lat' dir='ltr'>similis</span> 
     </span>
     <span class='ocr_line' id='line_1_84' title="bbox 970 1785 1371 1830; baseline 0.01 -12"><span class='ocrx_word' id='word_1_211' title='bbox 970 1785 1090 1819; x_wconf 87' lang='lat' dir='ltr'>Christi</span> <span class='ocrx_word' id='word_1_212' title='bbox 1115 1791 1208 1820; x_wconf 90' lang='lat' dir='ltr'>ornat</span> <span class='ocrx_word' id='word_1_213' title='bbox 1233 1798 1371 1830; x_wconf 85' lang='lat' dir='ltr'>gregem.</span> 
     </span>
    </p>
   </div>
   <div class='ocr_carea' id='block_1_24' title="bbox 981 1903 1340 1938">
    <p class='ocr_par' dir='ltr' id='par_1_34' title="bbox 981 1903 1340 1938">
     <span class='ocr_line' id='line_1_85' title="bbox 981 1903 1340 1938; baseline 0.011 -4"><span class='ocrx_word' id='word_1_214' title='bbox 981 1903 1027 1934; x_wconf 89' lang='lat' dir='ltr'>In</span> <span class='ocrx_word' id='word_1_215' title='bbox 1053 1904 1083 1936; x_wconf 83' lang='lat'>3.</span> <span class='ocrx_word' id='word_1_216' title='bbox 1111 1903 1340 1938; x_wconf 89' lang='lat' dir='ltr'>Nocturno.</span> 
     </span>
    </p>
   </div>
   <div class='ocr_carea' id='block_1_25' title="bbox 1065 1988 1264 2025">
    <p class='ocr_par' dir='ltr' id='par_1_35' title="bbox 1065 1988 1264 2025">
     <span class='ocr_line' id='line_1_86' title="bbox 1065 1988 1264 2025; baseline 0.01 -10"><span class='ocrx_word' id='word_1_217' title='bbox 1065 1988 1264 2025; x_wconf 87' lang='lat' dir='ltr'>Antiphonae.</span> 
     </span>
    </p>
   </div>
   <div class='ocr_carea' id='block_1_26' title="bbox 865 2045 1319 2227">
    <p class='ocr_par' dir='ltr' id='par_1_36' title="bbox 865 2045 1319 2227">
     <span class='ocr_line' id='line_1_87' title="bbox 865 2045 1319 2087; baseline 0.009 -10"><span class='ocrx_word' id='word_1_218' title='bbox 865 2045 896 2080; x_wconf 87' lang='lat'>1.</span> <span class='ocrx_word' id='word_1_219' title='bbox 922 2045 1070 2086; x_wconf 89' lang='lat' dir='ltr'>Domine,</span> <span class='ocrx_word' id='word_1_220' title='bbox 1097 2048 1167 2087; x_wconf 86' lang='lat' dir='ltr'>quis</span> <span class='ocrx_word' id='word_1_221' title='bbox 1190 2048 1319 2081; x_wconf 86' lang='lat' dir='ltr'>habitat</span> 
     </span>
     <span class='ocr_line' id='line_1_88' title="bbox 968 2094 1268 2128; baseline 0.01 -3"><span class='ocrx_word' id='word_1_222' title='bbox 968 2094 1006 2126; x_wconf 92' lang='lat' dir='ltr'>In</span> <span class='ocrx_word' id='word_1_223' title='bbox 1029 2097 1084 2126; x_wconf 85' lang='lat' dir='ltr'>tua</span> <span class='ocrx_word' id='word_1_224' title='bbox 1110 2095 1268 2128; x_wconf 73' lang='lat' dir='ltr'>taberna?</span> 
     </span>
     <span class='ocr_line' id='line_1_89' title="bbox 920 2142 1294 2183; baseline 0.005 -9"><span class='ocrx_word' id='word_1_225' title='bbox 920 2142 998 2183; x_wconf 89' lang='lat' dir='ltr'>Iste,</span> <span class='ocrx_word' id='word_1_226' title='bbox 1025 2151 1118 2182; x_wconf 86' lang='lat' dir='ltr'>quem</span> <span class='ocrx_word' id='word_1_227' title='bbox 1144 2143 1294 2176; x_wconf 89' lang='lat' dir='ltr'>nobilitat</span> 
     </span>
     <span class='ocr_line' id='line_1_90' title="bbox 971 2188 1276 2227; baseline 0.013 -5"><span class='ocrx_word' id='word_1_228' title='bbox 971 2188 1095 2223; x_wconf 88' lang='lat' dir='ltr'>Caritas</span> <span class='ocrx_word' id='word_1_229' title='bbox 1122 2189 1276 2227; x_wconf 88' lang='lat' dir='ltr'>fraterna.</span> 
     </span>
    </p>
   </div>
   <div class='ocr_carea' id='block_1_27' title="bbox 861 2255 1267 2439">
    <p class='ocr_par' dir='ltr' id='par_1_37' title="bbox 861 2255 1267 2340">
     <span class='ocr_line' id='line_1_91' title="bbox 861 2255 1257 2292; baseline 0.01 -4"><span class='ocrx_word' id='word_1_230' title='bbox 861 2256 894 2289; x_wconf 85' lang='lat'>2.</span> <span class='ocrx_word' id='word_1_231' title='bbox 922 2255 1036 2289; x_wconf 88' lang='lat' dir='ltr'>Cordis</span> <span class='ocrx_word' id='word_1_232' title='bbox 1063 2258 1257 2292; x_wconf 88' lang='lat' dir='ltr'>desiderium</span> 
     </span>
     <span class='ocr_line' id='line_1_92' title="bbox 968 2305 1267 2340; baseline 0.01 -3"><span class='ocrx_word' id='word_1_233' title='bbox 968 2305 1137 2338; x_wconf 89' lang='lat' dir='ltr'>Tributum</span> <span class='ocrx_word' id='word_1_234' title='bbox 1164 2311 1211 2340; x_wconf 87' lang='lat' dir='ltr'>est</span> <span class='ocrx_word' id='word_1_235' title='bbox 1238 2309 1267 2340; x_wconf 88' lang='lat' dir='ltr'>ei</span> 
     </span>
    </p>

    <p class='ocr_par' dir='ltr' id='par_1_38' title="bbox 919 2351 1250 2439">
     <span class='ocr_line' id='line_1_93' title="bbox 919 2351 1212 2389; baseline 0.017 -5"><span class='ocrx_word' id='word_1_236' title='bbox 919 2351 970 2385; x_wconf 93' lang='lat' dir='ltr'>De</span> <span class='ocrx_word' id='word_1_237' title='bbox 993 2354 1212 2389; x_wconf 87' lang='lat' dir='ltr'>munificentia</span> 
     </span>
     <span class='ocr_line' id='line_1_94' title="bbox 967 2401 1250 2439; baseline 0.018 -6"><span class='ocrx_word' id='word_1_238' title='bbox 967 2401 1152 2436; x_wconf 89' lang='lat' dir='ltr'>Miserentis</span> <span class='ocrx_word' id='word_1_239' title='bbox 1178 2404 1250 2439; x_wconf 89' lang='lat' dir='ltr'>Dei.</span> 
     </span>
    </p>
   </div>
  </div>
 </body>
</html>
