1651 2700
746 124 1005 160 —234—

232 224 264 256 5.
289 222 329 255 In
354 221 418 254 Dei
441 221 501 254 viis
524 221 691 253 ambulans

289 269 354 302 Hic
376 269 502 301 habitat
525 267 660 308 pacifice

287 317 332 350 Et
357 319 406 349 est
428 317 462 348 in
486 325 566 356 pace
590 316 742 359 militans,

290 365 351 404 Qui
374 365 489 396 nititur
512 364 660 406 iuridice,

287 412 351 445 Hic
376 415 426 444 est
448 412 482 444 in
507 421 588 452 pace
614 413 809 454 claudicans,

290 459 350 499 Qui
373 460 514 500 loquitur
538 460 723 500 sophistice.

253 591 260 597 .
288 565 323 597 Si
347 573 460 605 pacem
484 565 545 597 Dei
570 565 725 606 volumus,

286 613 325 645 In
351 613 418 645 eius
442 612 503 644 viis
529 612 738 654 ambulamus,

289 660 323 692 Si
348 660 451 692 Deum
475 669 532 692 nos
559 660 729 701 diligimus,

289 707 357 739 Nos
381 708 415 739 in
439 716 520 748 pace
545 708 754 749 quiescamus,

288 755 439 787 Exsultet
461 764 526 795 pax
549 755 585 786 in
610 755 771 796 cordibus,

287 802 354 834 Nos
378 802 412 834 in
438 803 560 834 caelum
585 803 806 837 ascendamus

918 223 950 255 7.
976 222 1065 254 Deus
1091 222 1174 254 solet
1200 222 1363 261 dissipare

975 270 1140 311 Homines,
1167 270 1219 311 qui
1245 269 1333 302 bella
1357 269 1481 310 volunt,

973 317 1062 350 Deus
1087 318 1171 350 solet
1195 318 1338 350 allevare

972 366 1138 408 Homines,
1165 366 1220 406 qui
1243 374 1358 406 pacem
1385 364 1506 408 colunt,

973 414 1061 446 Deus
1087 414 1170 448 solet
1195 414 1249 446 hic
1273 422 1383 446 amare

973 462 1138 503 Homines,
1165 462 1219 502 qui
1244 471 1356 494 verum
1376 463 1511 502 ponunt.

941 593 949 601 .
975 566 1010 599 Si
1035 576 1143 599 sumus
1168 576 1226 599 nos
1251 566 1389 609 pacifici,

972 614 1213 647 Possidebimus
1238 624 1296 647 nos
1322 618 1453 656 terram,

975 662 1170 694 Vocabimur
1191 662 1330 703 angelici

973 709 1042 742 Nos
1058 710 1217 750 pellentes
1235 719 1360 742 omnem
1373 719 1533 753 guerram,

975 757 1151 789 Laetamur
1173 761 1269 798 prato
1295 758 1413 790 cantici

974 805 1184 837 Possidentes
1210 804 1362 846 fructum,
1389 806 1535 839 herbam.

570 909 601 941 9.
629 908 727 947 Deus,
754 908 847 940 nobis
874 917 1000 942 cursum
1026 909 1138 942 mundi

630 956 666 988 In
692 964 773 995 pace
798 956 902 996 daque
926 957 1052 999 tribue3

630 1003 734 1035 Simus
758 1003 829 1035 Deo
853 1013 911 1035 nos
935 1004 1068 1036 iucundi

628 1050 673 1082 Et
696 1051 729 1083 in
754 1051 873 1083 amoris
896 1052 1015 1093 requie,

627 1097 699 1130 Sint
721 1099 898 1138 praecincti
923 1100 1026 1131 nostri
1050 1100 1162 1141 lumbi,

629 1144 761 1177 Custodi
786 1155 853 1188 nos,
881 1147 1094 1182 sanctissime.

292 1236 318 1271 2,
341 1239 357 1266 ὁ
378 1238 576 1266 ascendamus.

549 1371 593 1400 77.
633 1371 769 1410 Hymnus
791 1371 828 1402 de
849 1372 1026 1404 condicione
1045 1373 1192 1404 humana.

250 1512 257 1519 .
286 1486 363 1519 Cum
388 1487 556 1527 animaque
580 1488 711 1528 spiritus

283 1534 442 1566 Educitur
469 1535 509 1566 de
534 1544 677 1576 corpore,

283 1582 442 1614 Ascendit
465 1582 519 1614 hic
543 1583 699 1623 superius,

283 1629 317 1661 Si
343 1633 392 1661 est
417 1633 571 1670 purgatus
598 1640 703 1674 onere,

282 1676 346 1708 Sed
373 1677 448 1709 dum
473 1678 619 1710 consistit
643 1677 768 1711 facinus

281 1724 343 1755 Hic
370 1734 433 1757 non
457 1726 597 1757 laetatur
620 1736 761 1760 munere.

247 1855 254 1862 .
281 1828 341 1860 Dei
366 1829 587 1863 misericordia

280 1876 411 1915 Quidem
437 1878 539 1909 maior
564 1881 613 1910 est
638 1879 774 1914 defictis

283 1923 422 1956 Diffidat
445 1934 486 1956 ne
509 1926 648 1969 miseria,

281 1971 362 2010 Quia
384 1972 472 2004 Deus
497 1973 588 2005 nobis
614 1974 711 2016 mitis,

280 2018 341 2051 Dei
367 2022 496 2059 petatur
521 2021 623 2064 venia,

281 2066 376 2099 Cuius
401 2067 488 2099 Deus
513 2077 595 2100 vena
618 2069 703 2103 vitis.

250 2199 256 2206 .
285 2172 360 2204 Cum
386 2174 511 2205 venerit
537 2174 690 2208 discussio

278 2220 447 2253 Gestorum
473 2226 569 2262 atque
594 2232 726 2263 operum

276 2268 327 2300 Ac
349 2268 399 2301 ira
423 2269 457 2301 in
482 2269 587 2303 officio

275 2316 338 2348 Dei
362 2317 529 2349 reddentis
554 2319 741 2361 praemium,

275 2364 440 2397 Tremisco
466 2374 521 2398 seu
546 2367 653 2407 timeo,

276 2412 327 2444 Ne
354 2412 486 2445 damner
510 2423 614 2454 poena
638 2415 815 2449 vulnerum.

910 1493 943 1524 4.
972 1491 1049 1524 Cum
1076 1492 1213 1524 hominis
1241 1493 1390 1525 contritio

968 1539 1180 1580 Apparetque
1203 1541 1371 1581 paeniteat

968 1586 1013 1618 Et
1038 1596 1156 1627 oreque
1183 1587 1342 1621 confessio

968 1635 1108 1666 Peccata
1132 1636 1248 1676 hicque
1275 1635 1403 1675 defleat,

969 1681 1053 1714 Nam
1078 1683 1162 1715 bona
1186 1687 1236 1715 est
1259 1686 1492 1728 praesumptio,

967 1729 1013 1763 Ut
1037 1731 1172 1762 salutem
1202 1732 1322 1766 videat.

932 1861 939 1869 .
968 1835 1041 1867 Non
1067 1840 1151 1868 artet
1176 1845 1212 1868 se
1240 1837 1311 1877 quis
1337 1838 1481 1882 nimium,

966 1882 1032 1915 Sed
1057 1886 1132 1915 ante
1156 1887 1284 1924 tempus
1311 1891 1496 1930 praeparet,

967 1931 1123 1963 Procuret
1148 1932 1201 1964 hic
1224 1932 1402 1973 hospitium

965 1979 1212 2020 Prudenterque
1236 1981 1428 2027 consideret,

966 2025 1017 2057 Ne
1042 2025 1141 2059 faciat
1165 2037 1200 2059 se
1227 2028 1364 2072 devium,

965 2073 1147 2117 Intellegat,
1172 2076 1258 2115 quod
1285 2077 1421 2112 desinet.

934 2205 941 2213 .
966 2178 1058 2211 Mors
1085 2181 1225 2214 crudelis
1252 2184 1331 2216 nulli
1356 2187 1474 2229 parcit,

968 2227 1161 2267 Supervenit
1185 2230 1218 2262 in
1244 2237 1415 2274 momento,

967 2274 1106 2309 Cunctos
1129 2281 1222 2310 natos
1248 2280 1321 2320 ipsa
1345 2282 1442 2325 rapit,

964 2323 1065 2356 Nemo
1092 2324 1175 2366 fugit
1198 2328 1390 2372 velamento,

966 2371 1045 2404 Dies
1070 2372 1143 2406 finis
1166 2375 1240 2415 ipsa
1267 2377 1399 2420 claudit,

965 2419 1081 2453 Omnes
1106 2427 1193 2456 artat
1216 2430 1435 2462 monumento.
