1651 2700
171 245 210 277 V.
245 245 346 285 Iesus,
376 248 528 289 princeps
552 250 683 292 gloriae,

295 293 391 327 Suam
416 298 620 337 margaritam

243 341 289 373 Te
315 347 446 375 coronat
470 345 566 377 hodie

289 389 354 422 Diu
379 392 588 433 concupitam.

184 466 216 497 2.
243 465 397 499 Floribus
421 468 551 501 honoris
578 469 669 510 fulta,

240 512 413 547 Fructibus
439 516 592 549 virtutum
619 519 714 560 culta,

289 561 327 593 In
354 566 460 594 mente
486 568 517 595 et
542 573 686 606 corpore,

242 608 436 650 Petronella,
463 612 552 652 virgo
580 617 677 657 casta,

243 656 301 687 Pia
327 665 423 695 prece
448 659 539 691 nobis
565 663 635 692 asta

292 703 386 735 Nunc
410 708 439 736 et
466 707 550 738 omni
576 710 729 752 tempore,

165 748 207 782 V.
244 749 385 782 Caritate
409 757 579 797 pupurata‚

239 797 396 830 Castitate
420 800 565 832 laureata

285 845 438 878 Puritatis
463 847 603 882 foenore.

180 920 212 951 3.
240 920 418 954 Aestuabat
443 925 593 963 gravibus

236 967 419 1001 Petronella
444 969 588 1004 febribus

283 1016 388 1048 Annis
413 1018 603 1063 pubertatis,

234 1061 378 1095 Sanitate
401 1064 553 1106 fungitur,

232 1108 317 1141 Dum
340 1111 374 1142 in
399 1112 467 1144 Deo
493 1112 600 1154 figitur

283 1156 394 1190 Gradu
419 1161 618 1204 sanctitatis;

159 1201 200 1235 V.
238 1203 363 1244 Corpus
388 1208 583 1246 parcimonia

279 1251 393 1285 Studet
418 1256 582 1298 castigare,

232 1298 308 1331 Sine
334 1301 551 1342 castrimargia

278 1346 415 1380 Domino
439 1359 563 1384 vacare.

289 1462 333 1493 In
361 1463 393 1495 2.
420 1462 653 1500 Nocturno.

368 1538 564 1574 Antiphonae.

167 1592 197 1627 1.
225 1593 302 1625 Tuis
326 1599 374 1627 est
397 1596 430 1628 in
455 1598 549 1631 labiis

275 1641 387 1675 Gratia
415 1644 537 1687 diffusa,

226 1688 323 1729 Virgo
349 1689 437 1731 felix,
463 1693 566 1726 noxiis

270 1736 357 1775 Quae
381 1748 444 1771 non
470 1749 503 1772 es
529 1741 670 1779 confusa.

163 1812 194 1845 2.
221 1811 327 1844 Huius
347 1812 536 1849 fortitudine

270 1860 397 1893 Montes
423 1867 498 1896 sunt
521 1865 652 1907 turbati,

222 1906 319 1939 Cuius
344 1911 560 1944 sanctitudine

270 1955 358 1988 Caeli
382 1961 454 1990 sunt
479 1959 600 1993 laetati.

161 2030 192 2062 3.
220 2030 318 2071 Virgo
345 2032 459 2075 dulcis,
487 2036 598 2069 civitas

264 2078 325 2110 Dei
350 2081 498 2125 gloriosa,

220 2125 315 2158 Vitae
339 2128 426 2160 lucet
450 2131 574 2169 puritas

264 2174 302 2206 In
326 2178 359 2207 te
383 2178 534 2217 gratiosa.

347 2271 558 2307 Responsoria.

157 2326 186 2361 1.
213 2326 328 2360 Hostis
352 2330 563 2374 innocentiae,

211 2374 314 2408 Latro
336 2379 522 2423 pudicitiae,

260 2424 385 2458 Praedo
412 2429 568 2462 castitatis

806 155 944 191 80——

933 253 1075 287 Conatur
1101 256 1240 297 diruere,

930 301 1054 335 Nititur
1078 304 1224 343 polluere

976 350 1113 383 Domum
1138 353 1331 397 sanctitatis,

856 397 895 431 V.
930 397 1073 430 Caritate
1098 409 1232 441 roseam,

928 445 1082 478 Castitate
1110 448 1246 490 niveam,

973 493 1047 526 Dux
1072 495 1262 536 iniquitatis,

867 570 899 602 2.
929 570 1070 610 Pugnam
1095 572 1307 613 innocentiae,

926 617 1052 650 Bellum
1075 620 1252 659 pudicitiae

926 664 1036 705 Clipeo
1061 667 1253 707 prudentiae

970 713 1095 746 Victrix
1120 715 1200 748 haec
1224 716 1375 760 perfecit,

923 760 1015 792 Omni
1040 763 1237 802 petulantiae

924 807 1080 849 Omnique
1105 811 1259 844 lasciviae

968 855 1009 887 Se
1034 867 1167 897 prorsus
1193 859 1330 901 obiecit3

849 900 888 934 V.
923 901 1115 943 Triumphat
1137 906 1190 937 hic
1215 908 1358 948 castitaS,

970 950 1105 984 Satanas
1133 952 1261 997 defecit,

919 996 1056 1037 Superat
1080 1000 1257 1042 integritas,

966 1045 1054 1078 Deus
1079 1047 1140 1080 hoc
1166 1049 1281 1083 effecit.

860 1120 892 1153 3.
920 1120 1000 1152 Mali
1026 1121 1110 1163 fugis
1136 1123 1278 1157 fomitem

969 1168 1044 1201 Cum
1071 1172 1181 1204 mundi
1206 1175 1360 1215 procella,

918 1214 1068 1249 Flaccum
1094 1221 1220 1258 spernis
1247 1222 1404 1263 comitem,

965 1264 1059 1296 Felix
1084 1267 1278 1302 Petronella

917 1310 1004 1342 Petis
1030 1321 1099 1344 cum
1126 1315 1250 1348 laetitia

914 1357 1064 1391 Polorum
1085 1360 1224 1404 fastigia,

962 1406 987 1438 O
1015 1407 1116 1441 dulcis
1141 1412 1267 1453 puella3

841 1450 879 1482 V.
915 1451 1029 1486 Vultus
1056 1465 1169 1489 vernas
1194 1459 1311 1502 gloria,

962 1501 1092 1535 Rubens
1115 1505 1188 1544 plus
1214 1516 1308 1547 quam
1335 1518 1420 1552 rosa,

913 1548 1006 1580 Omni
1031 1551 1128 1590 plena
1151 1555 1267 1598 gratia,

958 1596 1041 1629 Tota
1065 1600 1226 1640 gaudiosa.

974 1712 1019 1743 In
1047 1715 1078 1747 3.
1107 1715 1331 1753 NocturnO.

1049 1800 1248 1836 Antiphonae.

849 1853 880 1887 1.
907 1854 1046 1895 Magnus
1073 1861 1105 1890 et
1129 1860 1303 1895 laudabilis

957 1903 1114 1938 Dominus
1141 1911 1189 1940 est
1214 1910 1311 1943 nimis

908 1949 1041 1983 Tollens
1066 1953 1150 1986 hanc
1173 1956 1336 1992 instabilis

953 1997 1003 2029 De
1026 2002 1139 2033 mundi
1164 2005 1279 2038 ruinis.

849 2073 881 2105 2.
909 2073 999 2106 Iusto
1025 2076 1080 2108 lux
1106 2080 1261 2121 exoritur,

956 2123 1100 2163 Angelus
1124 2126 1275 2173 laetatur,

904 2168 995 2201 Haec
1022 2171 1095 2203 dum
1121 2176 1240 2209 mundo
1267 2155 1396 2213 ’tollitur

952 2217 996 2249 Et
1023 2221 1110 2252 caelo
1135 2222 1274 2259 locatur.

844 2291 878 2323 3.
904 2292 998 2325 Fecit
1022 2296 1184 2331 mirabilia

950 2340 1107 2377 Dominus
1134 2348 1307 2394 caelorum,

901 2388 1001 2422 Istam
1026 2392 1111 2425 inter
1134 2395 1204 2429 lilia

950 2438 1106 2473 Plantans
1131 2452 1332 2484 superorum.
