1651 2700
718 123 979 158 -218—

208 217 240 248 5.
266 216 315 248 Tu
341 216 461 249 Christi
487 217 701 250 habitaculum

265 263 312 297 Et
333 266 369 296 tu
392 264 563 297 Dominum
589 266 736 309 portasti,

264 311 314 343 Tu
339 312 486 353 vitaeque
511 313 704 353 spiraculum

264 359 307 391 Et
333 362 368 391 tu
392 360 545 400 populum
571 361 713 404 salvasti,

265 407 316 438 Tu
340 405 484 448 facisque
509 408 697 442 miraculum

263 453 308 486 Et
331 464 389 487 nos
413 455 486 488 luce
512 457 681 490 coronasti.

894 221 925 253 6.
952 221 1000 253 Tu
1026 224 1171 253 sanctum
1198 229 1232 252 es
1259 222 1444 254 cenaculum

949 269 995 301 Et
1018 272 1055 301 tu
1080 269 1178 301 vitam
1203 270 1416 312 praeparasti,

950 317 999 349 Tu
1026 317 1187 350 daemonis
1213 316 1412 350 obstaculum

948 364 994 397 Et
1017 368 1054 397 tu
1079 374 1149 397 eum
1174 364 1346 407 suffocasti,

949 413 999 445 Tu
1023 413 1169 445 obtulisti
1196 413 1343 445 baculum

946 460 992 492 Et
1013 471 1072 493 nos
1098 457 1146 505 (3)
1173 461 1257 493 malo
1282 461 1438 497 liberasti.

580 558 629 589 49.
670 559 805 598 Hymnus
828 560 910 592 alius
936 561 973 593 de
995 562 1112 594 eadem.

204 615 233 647 1.
260 618 341 655 Ave,
368 617 455 658 virgo
482 621 516 649 tu
541 618 644 662 beata,

259 664 308 696 Tu
334 673 402 706 ave,
428 666 546 698 mundo
574 667 749 709 dominans,

258 713 339 750 Ave,
365 715 400 744 tu
424 712 611 756 glorificata,

259 759 308 790 Tu
332 768 400 801 ave,
424 761 576 792 mundum
602 762 770 805 luminans,

256 807 337 848 Ave,
363 809 398 838 tu
422 808 630 851 sanctificata,

259 854 307 885 Tu
332 863 401 896 ave,
426 858 553 887 sanctos
578 857 745 891 roboranS.

198 921 232 952 2.
257 920 337 962 Ave,
364 924 398 952 tu
422 922 484 954 iam
512 928 672 960 coronata,

257 968 304 999 Tu
329 977 398 1010 ave,
425 968 511 1001 fama
536 979 697 1013 resonanS,

255 1016 397 1057 Aveque,
424 1020 458 1048 tu
484 1018 633 1062 exaltata,

258 1062 307 1094 Tu
332 1072 401 1104 ave,
428 1064 565 1097 fructum
590 1067 780 1108 germinans,

254 1110 335 1151 Ave.
362 1112 396 1142 tu
421 1112 514 1143 nimis
538 1113 680 1155 laudata,

256 1157 305 1188 Tu
330 1166 450 1198 aveque
476 1159 649 1201 vivificans,

254 1205 335 1246 Ave,
361 1209 471 1238 sancta
495 1210 530 1238 tu
556 1211 674 1251 creata,

256 1251 304 1283 Tu
328 1261 396 1294 ave,
423 1253 466 1285 sis
492 1263 548 1286 nos
573 1255 724 1288 liberans.

197 1318 230 1350 3.
257 1318 364 1360 Virgo,
390 1319 500 1352 hortus
526 1324 560 1352 tu
586 1323 762 1366 conclusus,

256 1366 336 1407 Ave,
363 1375 435 1399 rosa
462 1368 615 1410 caritatis,

252 1413 290 1444 In
316 1416 348 1444 te
371 1414 488 1448 mansit
511 1416 677 1458 gloriosus,

255 1458 332 1503 (Tu)
359 1461 443 1493 viola
466 1463 660 1504 humilitatis,

254 1509 291 1539 In
315 1511 348 1539 te
373 1507 434 1540 fuit
457 1511 625 1553 gratiosus,

251 1554 370 1587 Lilium
395 1565 428 1588 es
454 1558 621 1600 castitatis,

252 1603 289 1634 In
314 1606 347 1634 te
372 1603 516 1636 Christus
542 1606 712 1650 virtuosus,

251 1650 358 1683 Radix
383 1654 418 1682 tu
443 1652 645 1693 virginitatis.

884 623 916 657 4.
944 623 983 654 1n
1008 626 1043 656 te
1069 628 1181 664 partus
1207 624 1394 667 luminosus,

943 671 993 703 Tu
1018 680 1051 703 es
1076 680 1184 703 semen
1211 670 1367 714 veritatis,

941 718 980 749 In
1005 721 1038 750 te
1063 719 1208 752 Christus
1232 720 1398 762 odorosus,

942 766 992 798 Tu
1018 774 1051 797 es
1076 767 1197 807 lignum
1222 768 1413 809 sanctitatis,

941 814 978 845 In
1005 816 1038 845 te
1062 817 1203 856 sanctus,
1230 815 1406 857 vigorosus,

941 861 991 892 Tu
1017 869 1050 893 es
1076 862 1169 893 radix
1195 862 1383 905 honestatis,

941 908 978 940 ln
1002 912 1035 940 te
1058 913 1149 941 actus
1175 910 1353 952 religiosus,

940 956 1005 987 Vos
1031 966 1089 997 pro
1115 957 1207 989 nobis
1234 958 1403 993 assistatis.

902 1093 910 1100 .
938 1071 1017 1103 Iuva
1040 1077 1253 1112 praegnantes
1278 1072 1423 1116 feminas,

937 1119 983 1151 Ut
1006 1128 1070 1151 non
1094 1120 1126 1151 in
1153 1124 1248 1161 partu
1274 1125 1417 1165 pereant,

936 1166 1001 1198 Eas
1028 1167 1201 1199 clamantes
1227 1169 1348 1212 audias,

936 1214 1069 1245 Partum
1094 1214 1272 1254 perfectum
1295 1216 1446 1260 habeant,

937 1261 986 1292 Tu
1011 1270 1064 1293 eas
1087 1263 1195 1295 salvas
1221 1262 1332 1305 facias,

937 1308 985 1341 Ut
1009 1310 1050 1341 ad
1076 1310 1209 1342 salutem
1237 1312 1376 1346 veniant.

901 1449 908 1456 .
935 1423 986 1455 Da
1010 1428 1136 1463 portum
1161 1426 1395 1468 navigantibus,

935 1469 993 1502 Eis
1020 1471 1112 1504 aufer
1136 1477 1354 1514 tempestates,

939 1518 1097 1552 Succurre
1122 1522 1410 1565 proclamantibus,

935 1566 993 1598 Eis
1020 1568 1099 1599 tolle
1122 1569 1308 1612 gravitates,

937 1613 987 1645 Sis
1013 1615 1100 1647 salus
1124 1616 1371 1659 infirmantibus,

935 1661 1082 1695 Monstra
1106 1667 1177 1696 tuas
1205 1665 1387 1706 dignitates.

579 1713 609 1745 7.
635 1713 783 1747 Defende
807 1725 865 1749 nos
891 1727 910 1749 a
934 1717 1069 1761 fulgore,

632 1761 705 1793 Non
730 1763 904 1796 moriamur
928 1766 1044 1808 subito,

634 1808 706 1841 Non
731 1819 899 1850 pereamus
924 1812 1064 1854 flumine,

633 1856 737 1889 Simus
762 1859 796 1890 in
821 1863 908 1892 statu
931 1862 1055 1904 inclito,

634 1904 700 1936 Nos
725 1909 760 1937 tu
785 1907 926 1941 iucunda
951 1910 1080 1953 lumine,

633 1951 758 1985 Stemus
783 1954 817 1986 in
843 1958 897 1988 tuo
922 1958 1047 1997 gaudio.

505 2049 553 2081 50.
593 2051 727 2091 Hymnus
749 2053 786 2085 de
807 2055 939 2088 ecclesia
959 2061 1070 2090 sancta
1089 2060 1156 2099 Dei,

176 2106 279 2137 quae
305 2102 368 2130 est
390 2100 431 2132 in
457 2100 602 2142 figura
627 2103 771 2137 beatae
786 2106 939 2140 Mariae
964 2110 1148 2154 virginis,
1174 2115 1309 2147 matris
1329 2115 1492 2152 Christi.

190 2165 220 2197 1.
247 2165 392 2198 Ecclesia
417 2166 560 2201 fidelium

248 2212 378 2246 Constat
402 2216 475 2248 aula
499 2216 561 2249 Dei
585 2222 708 2262 sancta,

246 2260 308 2292 Est
332 2263 488 2296 castitatis
513 2265 616 2298 lilium

245 2308 290 2340 Et
313 2310 497 2343 ministrans
523 2318 733 2357 sacramenta,

245 2356 307 2388 Est
331 2358 414 2390 alma
438 2363 540 2393 mater
564 2363 703 2395 omnium

246 2403 372 2438 Docens
397 2411 506 2440 sancta
534 2409 732 2445 documenta.

873 2176 904 2207 2.
931 2176 993 2208 Est
1018 2179 1215 2212 conditivum
1239 2182 1346 2215 oleum

931 2225 1158 2267 Praebensque
1181 2229 1427 2274 medicamenta,

929 2272 992 2304 Est
1014 2274 1114 2306 arbor
1139 2274 1274 2319 fructus,
1301 2277 1424 2322 folium,

932 2320 1055 2353 Cuncta
1080 2321 1187 2356 ferens
1212 2325 1375 2369 alimenta,

931 2368 993 2400 Est
1016 2370 1095 2402 haec
1120 2371 1153 2403 in
1179 2373 1257 2405 sede
1279 2376 1446 2415 speculum

930 2416 1103 2450 Praestans
1113 2420 1491 2460 quidemfirmamentum.
