1651 2700
706 143 945 179 -43-

641 236 671 267 4.
711 236 756 268 De
777 237 889 269 sancta
910 237 1008 268 Anna.

300 308 346 340 In
373 307 404 340 1.
432 307 661 348 Vesperis.

385 373 583 409 Antiphonae.

182 432 213 465 1.
243 431 391 464 Gaudeat
415 432 549 463 ecclesia

285 481 399 512 Annae
425 480 464 511 de
488 480 598 520 natali,

244 527 416 560 Trahentis
442 527 575 559 exordia

290 574 340 606 De
364 575 467 615 stirpe
490 574 600 614 regali.

186 643 217 676 2.
244 641 322 674 Viro
347 642 456 673 iuncta
478 641 564 673 socia

292 689 387 721 Nexu
413 688 580 728 coniugali,

243 736 325 768 Boni
350 739 476 768 tantum
500 735 636 775 conscia,

290 783 405 815 Morbo
433 792 545 814 carens
569 783 656 815 mali.

187 851 218 884 3.
244 849 430 889 Praeceptis
454 848 610 888 legalibus

290 896 373 928 Tota
396 896 587 927 intendebat

243 943 313 976 Nec
335 944 410 975 ullis
438 943 595 975 erratibus

291 991 342 1024 Ab
368 991 418 1023 his
443 990 623 1023 secedebat.

187 1059 219 1091 4.
245 1057 403 1089 Extendit
426 1057 468 1088 ad
494 1055 589 1088 fortia

293 1104 386 1137 Felix
413 1104 476 1135 ista
500 1113 637 1145 manum,

249 1151 302 1183 Sic
325 1152 358 1183 in
384 1151 567 1182 innocentia

291 1199 451 1230 Mundum
476 1199 554 1231 vicit
577 1207 703 1230 vanum.

173 1265 214 1299 R.
245 1265 296 1297 De
320 1265 413 1304 spina
437 1264 608 1307 Hebraica,

245 1312 295 1344 De
319 1312 422 1352 stirpe
445 1312 613 1352 Davidica,

293 1360 417 1392 Recens
442 1360 545 1399 surgit
568 1369 651 1398 rosa,

243 1407 366 1440 Mundo
393 1407 471 1438 dans
495 1407 716 1447 primordium,

246 1455 364 1487 Salutis
391 1454 566 1494 exordium,

292 1502 388 1534 Anna
413 1510 576 1541 generosa.

176 1549 216 1583 V.
250 1550 389 1582 Mariam
417 1549 497 1580 haec
523 1549 640 1591 genuit,

294 1597 489 1629 Miserorum
514 1601 648 1636 scutum,

248 1644 328 1684 Quia
352 1652 480 1684 semper
504 1644 601 1676 viruit

295 1692 332 1723 In
360 1692 453 1724 donis
479 1692 642 1724 virtutum.

365 1767 411 1794 Ad
430 1766 611 1803 Magnificat.

176 1827 217 1858 A.
249 1824 458 1865 Magnificent
482 1825 595 1864 vigiles

247 1872 452 1905 Exaltantem
477 1872 612 1904 humiles

294 1919 398 1951 Deum
423 1928 532 1951 omnes
557 1922 676 1962 gentes,

249 1967 296 2000 Ut
318 1968 432 1999 Annae
456 1967 638 2006 precatibus

248 2016 279 2047 A
305 2016 426 2046 cunctis
451 2014 593 2046 reatibus

294 2063 431 2094 Nostras
455 2063 588 2094 mundet
611 2065 744 2096 mentes.

318 2159 378 2191 Ad
402 2160 659 2193 Matutinum.

379 2226 600 2253 Invitatorium.

250 2285 288 2317 In
314 2287 378 2317 tam
404 2294 495 2317 sacro
521 2285 686 2318 sollemnio

297 2332 414 2365 Matris
440 2334 552 2365 matris
576 2334 639 2366 Dei

249 2381 429 2413 Adoremus
454 2382 488 2413 in
513 2382 628 2422 gaudio

297 2430 399 2462 Deum
425 2429 565 2462 iubilaei.

989 309 1036 341 In
1063 310 1092 341 1.
1119 308 1355 341 Nocturno.

1068 373 1268 409 Antiphonae.

894 460 902 467 .
927 432 979 465 Ex
1004 441 1059 464 ore
1084 431 1254 464 infantium

974 480 1062 512 Deus
1086 479 1215 511 laudem
1241 477 1381 519 perficit,

925 528 990 560 Per
1014 528 1129 559 Annae
1153 526 1334 567 coniugium

975 575 1127 607 Satanam
1153 583 1224 606 cum
1252 573 1361 607 deicit.

894 679 901 687 .
928 652 1000 684 Hoc
1023 652 1057 683 in
1082 652 1151 683 sole
1173 651 1282 692 posuit

975 699 1073 731 Suum
1097 699 1350 739 tabernaculum,

927 747 1062 780 Salvare
1088 747 1162 778 dum
1189 746 1290 778 voluit

976 794 1073 826 Suum
1097 794 1185 826 Deus
1211 793 1376 833 populum.

894 897 902 904 .
927 870 1026 911 Deus,
1052 879 1149 909 super
1173 870 1276 901 maria

977 917 1038 956 Qui
1062 920 1181 949 terram
1207 916 1366 957 fundavit,

931 964 1078 997 Gratiam
1103 974 1163 1004 pro
1185 965 1290 1005 gratia

976 1013 1092 1044 Annae
1115 1012 1330 1045 cummulavit.

899 1113 906 1121 .
929 1088 1014 1120 Prae
1038 1089 1104 1120 suis
1130 1088 1332 1120 consortibus

978 1136 1056 1168 Oleo
1080 1136 1225 1167 laetitiae

931 1184 1025 1217 Hanc
1047 1183 1187 1215 iunctam
1214 1183 1404 1215 caelestibus

978 1230 1065 1262 Deus
1090 1231 1183 1262 unxit
1207 1231 1312 1264 hodie.

896 1330 904 1338 .
931 1305 1028 1338 Suum
1052 1306 1294 1338 tabernaculum

978 1353 1134 1386 Dominus
1161 1352 1349 1395 sanctificat,

930 1401 1043 1432 Annae
1069 1410 1123 1433 cor
1149 1410 1219 1433 cum
1242 1402 1396 1433 lectulum

979 1448 1047 1480 Sibi
1072 1449 1132 1480 soli
1155 1449 1294 1481 dedicat.

896 1549 904 1557 .
929 1523 1041 1564 Magni
1063 1525 1148 1565 regis
1174 1525 1295 1567 civitas,

978 1574 1073 1603 Anna
1095 1572 1302 1613 laetabunda,

931 1618 1084 1651 Omnibus
1109 1620 1262 1652 sterilitas

979 1666 1049 1698 Tua
1074 1671 1123 1698 est
1146 1666 1294 1701 fecunda.

1068 1800 1276 1837 Responsoria.

873 1877 905 1911 1.
932 1877 1069 1911 Novella
1092 1879 1149 1911 lux
1177 1882 1320 1914 exoritur

980 1925 1121 1966 Fulgore
1146 1931 1236 1967 grato
1262 1930 1410 1971 rutilans,

933 1973 970 2005 In
996 1974 1145 2013 gaudium
1170 1976 1263 2015 plebs
1282 1977 1407 2010 tollitur

981 2020 1134 2054 Novellas
1159 2024 1271 2056 laudes
1299 2025 1460 2065 iubilans;

862 2068 901 2101 V.
927 2068 981 2100 Ad
1005 2069 1121 2101 Annae
1145 2072 1292 2104 natalitia

934 2115 1027 2148 Nova
1052 2115 1177 2158 fulgent
1201 2120 1379 2155 sollemnia.

875 2194 907 2225 2.
934 2192 1038 2225 Felici
1062 2195 1185 2236 origine

936 2240 1034 2273 Sacra
1061 2242 1101 2274 de
1124 2246 1301 2286 propagine

982 2290 1078 2322 Anna
1101 2293 1238 2333 sumpsit
1263 2299 1378 2339 ortum,

938 2337 1014 2369 Vita
1039 2338 1128 2371 cuius
1153 2340 1266 2374 inclita

937 2384 1040 2417 Nobis
1065 2390 1161 2427 atque
1185 2391 1301 2423 merita

983 2433 1082 2466 Vitae
1106 2441 1273 2475 praestent
1296 2443 1445 2481 portum3
