1651 2700
677 143 844 179 —134
904 162 949 167 —

608 266 656 297 48.
698 266 742 297 De
762 273 786 296 s.
806 265 916 297 Iacobo

188 356 220 390 1.
245 356 327 397 Ave,
353 364 371 387 o
397 355 551 387 benevole

249 403 365 435 Iacobe
390 403 544 443 apostole,

297 450 357 489 Qui
381 451 482 483 maior
508 452 642 491 vocaris,

253 498 446 531 collaudant
472 498 614 530 deicolae

249 545 381 577 Fideles
405 548 437 577 et
461 546 586 577 incolae

298 593 345 625 Te
368 597 477 625 terrae
502 597 534 625 et
557 594 665 637 maris,

248 641 308 672 Tui
335 649 450 673 vernae
474 641 581 673 recole

250 687 317 719 Mei
338 697 452 728 meque
477 689 587 720 excole

298 735 445 767 Moribus
470 736 656 776 praeclaris,

249 782 305 814 Me
328 791 369 814 ne
390 782 508 815 fallant
532 783 666 814 subdole

252 829 404 861 Barathri
428 830 593 871 bestiolae,

299 876 431 917 Semper
456 878 586 911 tuearis.

248 973 329 1013 Ave,
356 972 409 1012 qui
436 980 495 1011 per
519 970 667 1004 floridum

252 1019 354 1051 Tuum
381 1028 460 1059 opus
483 1019 622 1051 luridum

301 1066 450 1098 Satanam
477 1067 594 1107 vicisti,

257 1113 388 1146 Cursum
414 1114 524 1145 mundi
548 1112 680 1146 fluidum

253 1161 350 1192 Velut
373 1170 461 1193 mare
485 1161 649 1193 turbidum

296 1208 423 1240 Virtute
447 1209 602 1247 transisti,

249 1255 286 1286 In
311 1256 404 1287 malis
429 1264 480 1287 me
503 1256 661 1298 timidum,

249 1302 303 1334 Ad
328 1302 413 1334 bona
436 1303 650 1342 improvidum
876 1306 906 1337 5.

300 1351 338 1382 In
360 1350 421 1382 hoc
440 1350 519 1382 orbe
543 1351 639 1391 tristi,

248 1397 302 1429 Ad
328 1397 463 1432 virtutes
488 1398 641 1440 vividum,

246 1444 301 1476 Ad
329 1445 444 1477 devota
470 1443 638 1485 fervidum,

297 1492 432 1525 Scholae
455 1493 550 1533 iunge
577 1492 706 1528 Christi,

189 1588 218 1620 3.
243 1587 322 1629 Ave,
351 1587 442 1619 verbi
466 1586 589 1619 framea

249 1634 309 1673 Qui
334 1635 450 1667 multos
476 1635 515 1667 ab
542 1636 612 1667 alea

292 1682 408 1714 Mundi
433 1684 617 1723 segregasti,

245 1729 340 1761 Fidei
366 1739 443 1769 quos
469 1739 554 1774 area,

250 1776 312 1808 Dei
337 1777 400 1809 sint
426 1781 462 1809 ut
480 1779 583 1820 vinea,

299 1824 405 1865 Digne
428 1826 682 1867 transplantasti,

249 1909 276 1936 A
297 1909 347 1936 fol.
372 1907 441 1937 Hb.

603 2002 651 2033 49.
692 2003 735 2034 De
755 2011 779 2034 s.
799 2003 911 2035 Iacobo

188 2090 218 2122 1.
244 2091 326 2130 Ave,
352 2091 567 2132 Ierosolymae

294 2138 399 2179 Digne
422 2140 627 2181 praesularis,

244 2186 361 2218 Iacobe
385 2187 595 2228 sanctissime,

293 2235 353 2274 Qui
377 2235 480 2267 minor
503 2236 637 2278 vocam,

245 2281 291 2313 Te
317 2282 501 2315 collaudant
525 2284 658 2327 animae,

294 2330 378 2369 Quas
402 2330 472 2363 Deo
497 2332 644 2373 lucraris,

244 2377 337 2418 Mihi,
363 2387 478 2417 precor
503 2380 623 2421 intime,

293 2425 339 2458 Ut
362 2426 553 2460 miserearis.

875 2096 907 2128 2.

936 265 1063 296 Maiore.

938 354 1035 387 Salva
1058 360 1154 393 prece
1179 351 1294 383 mellea

936 402 986 434 De
1011 401 1105 441 culpa
1129 408 1180 431 me
1204 397 1302 430 fellea

984 449 1098 482 Plures
1123 456 1180 479 ceu
1203 446 1347 488 salvasti,

935 495 1149 536 Purpurando
1174 495 1285 527 laurea

936 544 1176 584 chlamydeque
1200 542 1314 574 trabea

981 592 1171 632 Funguntur
1197 599 1260 630 qua
1285 588 1372 622 fasti.

901 713 908 720 .
934 689 1015 726 Ave,
1042 688 1095 728 qui
1121 686 1273 727 periculis

935 735 1080 768 Inclusos
1106 736 1138 766 et
1162 732 1298 766 vinculis

981 783 1091 815 Donas
1116 781 1271 821 libertati,

936 830 1135 870 Orbatosque
1160 829 1269 867 oculis,

934 877 1061 917 Leprae
1085 875 1199 909 foedos
1224 876 1358 908 maculis

983 924 1106 957 Reddis
1131 923 1290 965 sospitati,

935 972 1051 1004 Datum
1079 980 1130 1003 me
1154 971 1290 1011 piaculis

935 1020 1121 1060 Dyonisque
1146 1018 1271 1061 faculis,

984 1068 1106 1107 Culpae
1131 1067 1259 1106 vilitati,

934 1116 1034 1155 Iunge
1056 1114 1119 1146 Dei
1144 1113 1272 1146 famulis

934 1162 1091 1202 Ereptum
1119 1162 1159 1194 de
1183 1161 1319 1193 stabulis

981 1210 1098 1241 Mortis
1124 1212 1155 1241 et
1180 1209 1316 1249 peccati.

933 1305 1013 1344 Ave,
1040 1313 1114 1345 spes
1140 1303 1313 1347 fragilium,

933 1352 1111 1392 Lapsorum
1139 1351 1306 1395 refugium,

981 1400 1005 1432 O
1031 1399 1143 1431 mundi
1166 1400 1308 1440 lucerna,

931 1446 1072 1479 Herodis
1097 1456 1156 1487 per
1180 1447 1322 1488 gladium

935 1495 1163 1527 consummans
1187 1495 1377 1535 martyrium

980 1542 1077 1574 Volas
1102 1543 1144 1575 ad
1169 1551 1328 1582 superna3

933 1590 1010 1629 Opis
1036 1590 1156 1629 praebe
1180 1590 1363 1629 brachium,

935 1637 1030 1669 Vitae
1056 1636 1165 1670 confer
1190 1638 1348 1681 bravium,

985 1685 1087 1716 Vitem
1113 1689 1151 1718 ut
1174 1684 1302 1717 inferna

932 1732 977 1764 Et
1001 1735 1076 1772 post
1100 1733 1161 1765 hoc
1186 1733 1334 1766 exsilium

933 1780 1006 1812 Poli
1031 1783 1139 1820 petam
1165 1781 1280 1813 solium

982 1829 1060 1862 Cum
1085 1829 1154 1861 vita
1179 1832 1320 1862 aeterna.

931 2004 1059 2036 Minore.

932 2094 1014 2137 Ave,
1042 2097 1153 2128 mundi
1177 2098 1284 2130 omnia

980 2143 1041 2182 Qui
1064 2145 1191 2186 spernis
1216 2147 1405 2188 gaudenter,

933 2192 1043 2224 Precis
1068 2195 1143 2225 tuae
1167 2195 1272 2234 gratia

978 2240 1102 2272 Adesto
1127 2241 1273 2273 volenter

931 2287 1016 2319 Mihi
1041 2292 1153 2321 contra
1180 2290 1268 2330 vitia,

979 2335 1026 2368 Ut
1049 2345 1178 2376 surgam
1203 2341 1361 2379 recenter,

928 2383 1027 2415 Nulla
1051 2392 1103 2415 me
1125 2384 1267 2418 ludibria

976 2430 1122 2463 Laedant
1146 2432 1313 2466 violenter.
