1651 2700
379 226 589 262 Responsoria.

183 287 215 321 1.
242 286 441 326 Angelorum
467 284 575 316 munia

242 334 496 372 Sanctorumque
519 331 627 363 studia

291 382 427 414 Prorsus
450 380 639 416 aemulatur,

244 429 392 471 Complet
416 427 604 469 ministeria,

241 477 373 509 Enodat
396 475 559 515 mysteria,

291 524 412 557 Divina
435 521 601 563 profatur,

172 573 211 606 V.
246 573 276 605 A
301 572 370 604 Deo
395 571 551 611 sagacitas

296 620 363 659 Ipsi
389 617 574 658 serpentina

244 667 307 699 Est
331 670 426 706 atque
449 664 640 705 simplicitas

293 714 378 746 Data
405 712 594 745 columbina.

186 801 220 832 2.
247 799 322 830 Vita
346 797 440 830 floret
463 796 597 837 fulgida,

249 846 357 878 Verba
382 845 461 877 serit
484 844 604 882 vivida,

299 893 376 933 Opis
403 893 459 924 dat
484 891 624 933 tutelam,

250 942 378 975 Mentes
404 941 520 980 purgat
543 937 703 977 sordidas,

249 988 370 1028 Culpas
397 986 488 1027 fugat
512 986 675 1017 morbidas

297 1036 412 1067 Divam
437 1043 495 1075 per
519 1034 695 1073 medelam3

214 1109 221 1117 .
250 1084 340 1115 Totis
366 1082 475 1114 studet
498 1081 631 1122 nisibus,

248 1131 354 1170 Fuget
376 1133 411 1161 ut
438 1128 477 1160 ab
504 1128 648 1160 omnibus

300 1177 420 1216 Culpae
446 1176 668 1215 corruptelam.

217 1291 224 1298 .
252 1262 460 1297 Leonhardus
486 1261 614 1292 mitibus

251 1311 362 1342 Victus
387 1309 472 1349 regis
495 1308 644 1348 precibus

298 1358 438 1389 Vocatus
464 1356 618 1396 adcurrit,

251 1406 396 1446 Reginae
421 1412 599 1443 puerperae

254 1453 363 1485 Precis
389 1450 575 1483 salutiferae

302 1499 434 1532 Medela
460 1499 616 1540 sucurrit3

213 1575 220 1582 .
254 1548 345 1580 Haec
369 1547 411 1578 ad
435 1545 591 1578 heneficia

255 1595 356 1635 Regia
380 1593 503 1626 familia

300 1642 472 1675 Gratularis
499 1641 669 1674 concurrit.

219 1755 225 1763 .
253 1728 334 1760 Auri
360 1727 482 1767 sprevit
508 1735 639 1759 munera

252 1775 451 1815 Argentique
476 1774 630 1814 pondera,

302 1823 389 1861 Quae
413 1831 471 1854 rex
496 1821 667 1862 offerebat3

249 1871 328 1911 Ista,
356 1878 437 1910 quae
463 1869 636 1910 decipiunt,

252 1918 335 1951 Mihi
360 1926 423 1949 non
450 1917 637 1960 expediunt,

302 1965 384 2005 Regi
410 1964 647 2008 respondebat3

183 2015 225 2048 V.
259 2014 421 2054 Quaerens
447 2012 607 2051 spiritalia

254 2062 391 2094 Tantum
417 2059 595 2092 saecularia

302 2109 424 2142 Cuncta
447 2107 600 2148 fugiebat.

311 2235 356 2266 In
385 2235 416 2267 3.
443 2233 678 2265 Nocturno.

396 2308 442 2336 Ad
462 2307 594 2336 Cantica.

180 2369 223 2405 A.
256 2368 318 2401 Dei
345 2368 395 2400 vir
419 2367 569 2399 aetherea

302 2416 452 2457 Fungens
480 2415 647 2456 dignitate,

707 124 941 160 —74„-

929 219 997 252 Nos
1022 217 1153 250 absolve
1178 215 1284 248 ferrea

979 266 1098 306 Captos
1125 264 1299 297 voluntate.

1067 388 1277 424 Responsoria.

872 460 904 493 1.
931 458 1040 491 Silvae
1068 456 1142 489 dato
1169 456 1287 496 spatio,

929 506 1031 538 Facto
1058 503 1252 536 monasterio

978 552 1064 586 Inibi
1090 552 1110 584 d
1131 551 1236 592 gebat,

929 600 1044 634 Multis
1070 598 1311 631 accurrentibus

930 649 975 681 Et
999 656 1106 680 secum
1131 646 1333 679 manentibus

978 696 1108 728 Manum
1129 693 1341 737 porrigebat3

892 770 899 778 .
933 743 1068 776 Carnem
1094 742 1292 783 parcimonia

979 791 1107 823 Docens
1134 791 1300 832 castigare,

934 839 1010 872 Sine
1036 838 1256 878 castrimargia

979 886 1116 918 Domino
1143 893 1267 917 vacare.

899 1007 905 1014 .
934 981 1093 1022 Septenae
1119 978 1261 1011 familiae

935 1029 999 1062 Sua
1026 1029 1066 1060 de
1090 1027 1242 1067 progenie

981 1077 1033 1108 Ad
1060 1084 1130 1107 eum
1155 1083 1283 1115 venere,

935 1123 1055 1162 Quibus
1081 1125 1206 1162 partem
1234 1122 1351 1154 ti-'buit

934 1170 1082 1202 Nemoris
1109 1173 1141 1201 et
1165 1170 1289 1201 monuit

984 1218 1052 1250 Sibi
1077 1225 1291 1256 commanere3

898 1292 905 1299 .
939 1267 976 1298 In
1001 1268 1111 1297 sancto
1137 1266 1303 1304 proposito

938 1313 1050 1345 Cuncti
1077 1312 1203 1352 quidem
1230 1312 1336 1344 subito

986 1360 1122 1392 Multum
1149 1358 1327 1399 profecere.

905 1481 912 1489 .
940 1455 987 1488 Ob
1013 1454 1171 1487 defectum
1197 1464 1332 1495 aqueum

938 1503 1022 1536 Fodi
1047 1503 1136 1534 iubet
1161 1506 1293 1542 puteum

986 1550 1073 1582 Loco
1098 1550 1236 1590 sicciori,

939 1598 1038 1637 Quem
1063 1606 1195 1638 precum
1221 1598 1378 1631 instantia

938 1645 1000 1677 Dei
1026 1646 1131 1685 replet
1156 1647 1261 1686 gratia

985 1694 1081 1734 Aqua
1105 1694 1254 1736 largiori3

899 1766 907 1773 .
943 1742 1078 1774 Sanctus
1103 1742 1234 1773 laudum
1260 1742 1370 1774 munia

989 1789 1099 1821 Mente
1124 1789 1251 1821 laetiori

939 1836 989 1869 De
1014 1846 1116 1877 aquae
1143 1838 1197 1869 dat
1225 1837 1319 1878 copia

985 1884 1055 1916 Deo
1081 1885 1238 1925 largitori.

906 2006 913 2013 .
938 1981 977 2013 ln
1003 1980 1056 2012 via
1080 1980 1220 2012 mirabili

940 2028 1042 2062 Cursu
1061 2028 1155 2059 istum
1181 2028 1291 2060 stabili

986 2075 1141 2108 Dominus
1169 2076 1313 2119 deduxit,

941 2123 1145 2156 Constantem
1169 2124 1202 2155 in
1223 2124 1320 2157 latria

939 2171 1045 2212 Digne
1070 2171 1111 2203 ad
1137 2172 1259 2211 palatia

989 2219 1076 2252 Caeli
1102 2219 1300 2261 introduxit3

900 2295 907 2303 .
942 2268 1128 2300 Vincentem
1154 2271 1298 2300 aromata

991 2315 1099 2348 Odore
1123 2315 1254 2347 virtutis

941 2364 1046 2396 Locat
1070 2363 1110 2395 ad
1137 2364 1298 2404 agalmata

990 2412 1154 2444 Aeternae
1180 2412 1306 2445 salutis.
