1651 2700
181 202 213 236 3.
240 202 342 237 Istum
367 207 402 240 in
428 219 495 252 spe,
523 212 669 254 Domine,

287 252 382 287 Sistis
407 257 573 304 singulari,

237 299 275 332 In
302 303 356 334 tuo
383 306 437 344 qui
463 309 592 342 nomine

285 349 419 384 Studuit
444 355 552 389 ditari.

174 434 207 466 4.
235 434 346 469 Verba
371 438 465 472 huius
491 443 623 476 auribus

280 485 361 525 Quia
385 490 573 532 percepisti,

231 530 330 575 Deus,
357 534 463 574 ipsum
490 539 633 572 coetibus

279 579 473 616 Sanctorum
497 586 644 621 iunxisti.

170 665 202 697 5.
230 666 364 700 Honore
390 672 423 701 et
447 672 552 711 gloria

273 715 380 756 Digne
405 724 587 762 coronatur,

224 762 316 795 Boua
341 774 439 806 super
462 769 570 802 omnia

273 811 336 844 Dei
363 822 435 846 cum
461 816 596 852 locatur.

163 897 195 931 6.
225 898 369 932 Confidit
393 901 426 933 in
453 904 581 936 nomine

269 946 338 980 Tuo
363 952 435 981 tuus
463 960 573 994 verna,

220 993 336 1027 Dulcis
361 996 435 1029 Iesu
461 998 608 1041 Domine,

268 1042 344 1076 Vita
368 1054 428 1084 pro
456 1056 607 1087 superna.

352 1168 431 1205 Resp
435 1172 533 1197 onsori
538 1179 564 1197 a.

152 1235 183 1269 1.
212 1234 298 1268 Lilio
325 1234 482 1277 floridior,

212 1283 308 1316 Viola
334 1284 500 1318 decentior

258 1332 359 1364 Sacer
383 1333 607 1376 Leonhardus,

206 1379 352 1413 Exortus
376 1381 541 1415 nobilibus

207 1428 312 1460 Valde
339 1430 381 1462 de
404 1431 596 1470 parentibus

252 1476 395 1509 Redolet
418 1481 455 1510 ut
478 1480 610 1519 narduS,

130 1523 169 1556 V.
204 1523 266 1563 Qui
291 1534 352 1565 per
377 1536 477 1559 annos
501 1528 640 1568 puberes

201 1571 343 1606 Fructus
369 1576 462 1608 auxit
485 1576 614 1617 uberes,

249 1621 323 1654 Non
348 1624 391 1657 ad
416 1624 535 1657 bonum
561 1625 687 1660 tarduS.

138 1708 170 1740 2.
198 1708 338 1750 Accepit
362 1720 381 1742 a
405 1710 568 1744 Franciae

198 1756 288 1798 Rege
313 1761 439 1791 tantum
465 1761 591 1801 gratiae

245 1806 303 1839 Vir
328 1807 390 1839 Dei
416 1807 539 1852 beatus,

195 1853 315 1887 Visitat
343 1865 433 1898 quos,
460 1857 564 1891 libere

195 1900 310 1935 Solvat
334 1907 372 1936 ut
395 1914 415 1937 a
441 1915 575 1941 carcere

245 1951 359 1992 Captis
384 1954 568 1992 miseratus,

118 1998 157 2032 V.
191 1998 332 2033 Derivat
356 2003 399 2035 ad
426 2004 507 2037 alios

194 2048 275 2089 Opis
298 2059 377 2083 suae
401 2053 512 2086 radios

239 2097 344 2132 Homo
371 2100 434 2133 Dei
459 2107 582 2143 gratus.

127 2185 159 2217 3.
185 2184 399 2221 Leonhardus
425 2190 459 2223 in
486 2192 651 2227 doctorem

236 2234 374 2275 Optatus
398 2239 557 2273 ecclesiae

186 2282 274 2315 Onus
300 2288 389 2318 amat
412 2297 478 2320 non
503 2289 670 2334 honorem,

232 2331 337 2365 Gustu
362 2336 543 2376 sapientiae

182 2379 262 2412 Plus
289 2382 436 2416 ardescit
459 2384 493 2418 in
519 2387 672 2420 ardorem

234 2428 370 2463 Virtutis
397 2436 430 2464 et
455 2434 598 2478 gloriae,

810 123 855 162 73
909 149 951 153 --

864 224 903 259 V.
938 225 1091 262 Caritatis
1117 229 1252 275 facibus,

981 274 1155 311 Fructibus
1178 280 1323 315 iustitiae

931 320 1088 357 Laetatur
1112 328 1283 362 amictibus

978 371 1160 407 Redimitus
1183 378 1318 417 gratiae.

869 454 902 486 4.
928 455 1051 497 Fugam
1079 461 1166 500 rapit
1187 465 1340 508 exsulem,

928 502 978 534 Ne
1003 512 1114 547 surgat
1137 509 1171 540 in
1195 514 1378 550 praesulem

974 551 1144 587 Desertum
1167 561 1321 603 petendo,

927 598 1063 633 Victitat
1087 602 1258 645 frugaliter

924 645 989 679 Ubi
1013 651 1045 680 et
1070 649 1210 685 feliciter

970 695 1127 731 Mundum
1155 700 1317 743 fugiendo.

849 739 890 773 V.
921 741 1048 784 Captivi
1073 746 1159 780 hunc
1183 751 1312 796 adeunt,

921 790 1032 824 Secum
1061 793 1181 830 fractas
1209 800 1377 835 advehunt

968 840 1105 875 Catenas
1130 847 1311 886 gaudendo.

974 983 1017 1016 In
1045 987 1077 1018 2.
1105 986 1343 1028 NocturnO.

1058 1071 1129 1099 Anti
1132 1073 1259 1108 phonae.

851 1133 882 1165 1.
911 1136 984 1168 Non
1011 1141 1139 1179 accepit
1162 1151 1298 1177 munera

954 1183 1059 1225 Super
1081 1188 1269 1224 innocentes

907 1231 1036 1265 Vehens
1062 1244 1161 1276 super
1187 1240 1320 1274 aethera

955 1281 1119 1315 Christum
1146 1286 1346 1324 confitentes.

846 1365 880 1399 2.
908 1367 936 1398 A
963 1369 996 1399 te
1021 1370 1114 1413 petit,
1139 1372 1287 1417 Domine,

953 1415 1071 1460 Vitam,
1100 1419 1174 1452 Iesu
1202 1421 1341 1468 Christe,

902 1462 973 1503 Iugi
998 1474 1094 1505 quam
1119 1471 1296 1504 certamine

949 1511 1151 1557 Merebatur,
1178 1517 1252 1553 iste.

840 1598 872 1630 3.
900 1599 999 1640 Deus,
1024 1610 1124 1642 super
1149 1606 1253 1639 maria

946 1627 1049 1681 Ist’um
1076 1652 1132 1691 qui
1156 1652 1313 1697 fundasti,

895 1694 976 1727 Eius
1002 1706 1063 1737 per
1088 1699 1241 1742 suffragia

947 1743 1129 1785 Capt1vos
1128 1750 1272 1785 salvasti.

835 1829 868 1862 4.
895 1830 992 1863 Hunc
1018 1842 1036 1865 a
1062 1835 1307 1876 malignantium

945 1879 1114 1915 Conventu
1137 1887 1283 1925 protexit

892 1927 982 1961 Deus
1009 1933 1042 1962 et
1066 1935 1271 1973 regnantium

940 1978 994 2010 Ad
1021 1983 1146 2013 coetum
1169 1989 1332 2023 provemt.

832 2064 863 2096 5.
891 2064 1030 2099 Habitat
1053 2068 1088 2100 in
1113 2070 1206 2103 atriis

938 2114 1060 2148 Domus
1086 2118 1271 2161 salvatoris,

891 2161 988 2194 Cuius
1014 2164 1048 2196 in
1071 2165 1234 2207 obsequiis

938 2210 1069 2244 Cunctis
1095 2214 1178 2246 vixit
1202 2216 1303 2251 horis,

828 2296 860 2330 6,
886 2294 1101 2331 Leonhardus
1126 2298 1237 2333 floruit

934 2345 1043 2378 Iustus
1066 2347 1151 2380 sicut
1174 2350 1294 2390 palma,

884 2393 1025 2425 Provehi
1050 2398 1231 2435 promeruit

933 2441 986 2474 Ex
1013 2442 1075 2476 hoc
1099 2446 1142 2478 ad
1168 2447 1304 2487 agalma.
