1651 2700
719 138 979 174 —186—

232 243 263 275 9.
291 241 372 274 Care
396 239 497 272 Deum
526 236 687 277 confitere,
894 235 948 270 11.

289 289 397 321 Debes
423 296 492 319 eum
518 285 674 326 venerari,

289 336 392 368 Deum
420 334 516 367 debes
542 333 700 364 sustinere

289 384 335 416 Et
357 393 391 415 in
415 383 486 422 ipso
512 381 653 422 gloriari,

291 431 377 464 Cura
402 439 471 462 eum
496 429 636 460 retinere

288 479 334 512 Et
361 479 395 510 in
419 478 490 517 ipso
515 480 548 508 te
572 476 698 508 laetari.

208 542 264 575 10.
290 541 334 573 Et
358 541 392 572 in
417 540 554 572 Domino
577 541 612 570 tu
637 537 741 578 gaude
892 537 947 570 12.

288 589 332 620 Et
357 588 482 620 exsulta
507 590 541 618 tu
565 587 598 617 in
623 586 692 617 Deo

290 636 427 669 Placens
453 635 481 666 ei
507 634 575 666 sine
600 632 725 673 fraude,

289 683 362 715 Non
387 682 515 714 nocebit
539 681 598 713 tibi
624 681 683 719 leo,

289 731 398 771 Ipsum
425 739 497 762 ama
522 729 618 761 corde
642 728 748 769 valde,

290 778 336 810 Et
361 786 434 817 spes
458 780 515 809 tua
538 777 582 808 sit
605 777 636 807 in
664 784 712 807 eo.

975 235 1025 267 Tu
1049 234 1082 265 in
1107 232 1177 265 Deo
1203 230 1352 272 glorieris

973 281 1165 322 Despiciens
1190 278 1387 320 praesentia,

976 330 1090 363 Coram
1117 329 1185 360 Deo
1212 336 1276 359 non
1301 325 1434 363 vereris,

975 379 1010 411 Si
1034 385 1143 409 manes
1169 376 1203 407 in
1226 374 1410 416 prudentia,

975 425 1072 466 Apud
1097 424 1201 456 Deum
1225 431 1358 464 magnus
1384 420 1459 462 eris,

974 474 1008 506 Si
1034 473 1136 505 servis
1158 472 1192 503 in
1219 470 1391 511 placentia.

974 535 1081 568 Debes
1107 534 1226 574 gratias
1251 530 1377 564 referre

973 583 1042 616 Deo
1066 586 1176 614 nostro
1200 584 1296 621 atque
1321 579 1445 618 laudes,

973 631 1062 663 Deus
1089 630 1169 661 caeli
1194 632 1245 661 est
1270 630 1302 659 et
1327 630 1444 668 terrae,

972 679 1018 711 Et
1039 687 1078 709 ex
1104 686 1139 709 eo
1167 680 1253 708 certe
1279 675 1410 716 gaudeS,

973 726 1080 758 Debes
1107 725 1136 756 ei
1160 728 1194 756 tu
1222 723 1360 763 deferre,

973 774 1101 806 Pellens
1129 773 1219 804 dolos
1246 774 1342 811 atque
1366 769 1508 802 fraudes.

552 838 606 870 13.
632 837 751 876 Magno
776 836 845 868 Deo
870 838 903 867 te
928 835 1080 867 submitto

628 885 732 916 Tuum
758 887 865 916 votum
892 883 1032 915 reddens
1058 883 1132 919 sibi,

628 932 677 964 Tu
702 932 860 971 promissa
885 940 977 962 serva
1004 931 1118 962 stricte

627 980 671 1011 Et
698 979 867 1010 considera
889 982 924 1010 tu

949 979 1022 1015 tibi,

630 1027 744 1066 Legem
769 1035 863 1058 serva
886 1029 922 1057 tu
946 1035 1010 1057 non
1037 1024 1120 1063 ficte,

630 1074 679 1105 'l‘u
704 1075 736 1106 in
763 1074 850 1105 caelo
878 1074 941 1105 eris
967 1073 1023 1105 ibi.

267 1131 294 1166 4,
315 1131 334 1159 4
355 1131 504 1159 amandus.
527 1145 563 1149 —
585 1152 610 1163 c,
635 1131 652 1158 ό
674 1133 873 1166 sanctumque.

646 1213 673 1243 2.
714 1213 850 1251 Hymnus
872 1212 910 1243 de
933 1212 1048 1243 eodem.

208 1291 238 1323 1.
265 1290 363 1328 Quam
384 1289 469 1320 laeta
493 1288 552 1320 Dei
580 1287 689 1327 facies,
892 1289 924 1320 5.

267 1337 366 1375 Quam
385 1345 538 1367 summum
553 1339 637 1366 tuum
654 1335 817 1375 gaudium!

267 1384 315 1415 Tu
342 1392 374 1415 es
400 1387 580 1415 sanctorum
603 1383 696 1424 acies,

265 1431 364 1470 Quam
379 1434 523 1462 sanctum
532 1433 619 1461 tuum
630 1430 800 1469 prandium
812 1430 818 1460 ¹.

264 1478 332 1510 Nos
357 1483 389 1510 te
413 1478 526 1510 videre
551 1477 659 1510 facies.

264 1526 313 1558 Tu
337 1526 451 1566 plenus
478 1528 565 1557 certe
589 1526 743 1557 laudium.

209 1590 240 1621 2.
267 1588 315 1619 Tu
340 1596 536 1627 magnusque
561 1587 726 1628 terribilis,
894 1589 924 1620 6.

267 1637 437 1673 Amemus,
464 1635 714 1675 potentissimus,

265 1684 315 1716 Tu
339 1683 425 1714 mitis
449 1686 544 1722 atque
569 1682 707 1724 humilis,

265 1730 315 1762 Tu
340 1734 531 1770 sanctusque
555 1730 758 1768 iustissimus,

267 1778 315 1809 Tu
343 1778 401 1809 das
427 1778 560 1809 salutem
586 1778 725 1818 populis,

267 1825 316 1857 Tu
342 1826 541 1865 clemensque
566 1826 739 1865 piissimus,

208 1888 242 1919 3.
268 1887 347 1919 Esto
373 1887 434 1918 Dei
459 1887 601 1918 imitator
896 1889 925 1920 7.

266 1935 402 1966 Manens
427 1935 459 1965 in
490 1934 669 1977 dilectione,

272 1982 334 2014 Dei
358 1982 460 2013 nostri
485 1982 529 2013 sis
554 1985 678 2014 amator

271 2029 387 2062 Cordis
414 2038 482 2060 cum
509 2028 686 2069 affectione,

265 2077 340 2109 Erit
363 2076 450 2108 Deus
476 2077 536 2108 tibi
563 2077 655 2109 dator

269 2125 364 2156 Vitae
390 2134 459 2156 cum
486 2125 695 2164 protectione.

209 2189 239 2219 4.
267 2187 463 2227 Elongantes
488 2196 523 2218 se
549 2197 567 2219 a
593 2187 661 2219 Deo
901 2188 934 2222 8.

265 2235 373 2267 Ruent
397 2235 522 2275 ipsique
544 2235 707 2277 peribunt,

266 2282 336 2314 Hos
361 2282 494 2315 offendit
522 2284 622 2314 malus
648 2284 711 2325 leo,

267 2330 314 2362 Te
339 2331 422 2362 tueri
447 2340 510 2363 non
536 2331 698 2372 valebunt,

265 2378 490 2410 Adhaerentes
515 2379 584 2411 Deo
610 2389 686 2412 vero

267 2425 331 2458 Dei
356 2435 486 2467 regnum
511 2427 699 2460 introibunt.

951 1287 1022 1319 Non
1050 1287 1097 1318 sic
1121 1296 1139 1318 a
1157 1285 1227 1317 Deo
1256 1285 1387 1316 devians

951 1335 1018 1367 Deo
1044 1335 1188 1366 subiecte
1212 1341 1339 1372 pareas,

949 1382 999 1414 Tu
1028 1391 1091 1414 non
1116 1382 1160 1413 sis
1186 1379 1323 1412 fratrum
1347 1380 1506 1420 iudicans,

950 1430 1115 1469 Deumque
1139 1427 1273 1460 fratrem
1301 1428 1427 1472 diligas,

949 1477 1024 1509 Non
1049 1477 1093 1508 sis
1117 1477 1150 1508 in
1176 1477 1246 1507 iure
1272 1476 1469 1516 claudicans,

951 1525 1001 1557 Tu
1026 1525 1094 1557 Deo
1121 1532 1233 1564 preces
1261 1524 1392 1563 dirigas.

952 1587 1001 1618 Tu
1027 1596 1105 1618 cura
1129 1586 1233 1618 Deum
1260 1594 1425 1626 quaerere,

952 1635 1036 1666 Ama
1061 1633 1195 1666 fratrem
1222 1634 1367 1670 caritate,

955 1682 1042 1713 Velis
1068 1682 1202 1714 honeste
1226 1682 1348 1721 vivere,

954 1730 1068 1762 Redde
1093 1730 1142 1761 ius
1167 1729 1201 1760 in
1228 1729 1385 1768 claritate,

953 1777 1002 1809 Tu
1027 1776 1161 1809 fratrem
1187 1777 1255 1809 noli
1280 1777 1422 1817 laedere,

953 1826 1030 1857 Vias
1055 1829 1126 1857 tuas
1152 1825 1185 1856 in
1211 1825 1346 1857 unitate.

955 1887 1030 1919 Sino
1054 1887 1123 1919 Deo
1149 1888 1195 1919 nil
1221 1885 1412 1927 perfectum,

956 1934 1110 1976 offendis,
1136 1935 1164 1966 si
1189 1944 1252 1967 non
1279 1934 1397 1976 diligis,

957 1982 991 2014 Si
1015 1987 1050 2014 tu
1075 1983 1160 2023 geris
1182 1983 1387 2014 inhonestum

954 2030 998 2062 Et
1023 2029 1119 2062 fratri
1143 2030 1193 2061 ius
1219 2039 1281 2061 non
1307 2030 1455 2074 porrigis,

955 2077 1028 2109 Non
1053 2078 1187 2110 habebis
1212 2081 1248 2109 tu
1274 2077 1420 2109 effectum

956 2125 1027 2157 Nec
1047 2127 1110 2157 iter
1135 2126 1253 2158 bonum
1279 2126 1401 2166 dirigis,

961 2187 1036 2220 Non
1060 2187 1189 2219 timebis
1213 2188 1378 2220 inimicum

958 2236 1013 2277 Et,
1039 2236 1066 2267 si
1092 2235 1179 2268 Deus
1206 2239 1254 2267 est
1280 2237 1422 2279 adiutor,

955 2283 1030 2316 Non
1055 2284 1186 2316 incedes
1212 2293 1271 2324 per
1295 2284 1470 2327 obliquum,

956 2331 1034 2364 Tibi
1058 2332 1146 2364 Deus
1173 2332 1235 2364 erit
1258 2336 1357 2376 tutor,

957 2381 1082 2420 Quaere
1097 2380 1201 2412 Deum
1227 2382 1261 2413 in
1285 2382 1432 2423 amicum,

960 2428 1020 2468 Qui
1046 2429 1200 2462 malorum
1229 2432 1279 2461 est
1302 2431 1463 2471 repulsor.
