1651 2700
716 167 952 202 —52—

640 262 667 293 8.
701 261 744 292 De
764 260 871 292 sancto
891 259 1033 291 Erasmo.

321 363 425 394 1111.
453 361 670 401 VesperiS.

392 446 589 482 Antiphonae.

189 523 223 555 1.
251 522 275 555 O
304 522 378 554 Sion
406 523 531 562 eximia,

301 570 506 602 Personando
532 570 659 610 plaude,

249 617 378 649 Erasmi
406 618 572 649 sollemnia

297 664 403 704 Digna
429 665 534 696 colens
559 664 665 696 laude.

189 760 221 790 2.
249 756 270 790 Ο
292 758 437 797 Erasme,
464 757 540 789 fidei

294 805 398 845 Pugil,
425 814 484 844 per
508 808 541 836 te
561 808 670 845 gentes

243 852 432 884 Meruerunt
457 852 591 892 provehi

292 899 346 930 Ad
376 899 481 930 caelos
508 899 693 939 gaudentes.

186 996 217 1027 3.
247 994 271 1026 O
298 995 351 1033 qui
376 994 469 1035 pellis
496 994 650 1026 citharam

294 1041 360 1073 Das
385 1042 495 1081 poenis
519 1042 697 1082 plagarum,

249 1088 303 1121 Sic
328 1091 473 1120 evertens
499 1088 639 1120 Sisaram

296 1135 418 1167 Ducem
443 1135 664 1167 tenebrarum!

186 1231 219 1262 4.
249 1230 273 1262 Ο
299 1232 422 1270 martyr
447 1233 479 1261 et
502 1229 657 1271 pontifex,

293 1277 393 1310 Obsta
417 1278 516 1309 multa
540 1286 646 1318 prece,

247 1324 297 1356 Ne
320 1333 378 1356 nos
403 1324 626 1357 mille-artifex

295 1371 414 1411 Culpae
440 1371 545 1404 fuscet
569 1371 668 1405 faece.

184 1467 219 1500 5.
246 1466 271 1498 O
300 1466 396 1497 decus
423 1467 587 1504 ecelesiae,

292 1514 317 1546 O
343 1522 455 1545 norma
478 1514 616 1554 virtutis,

246 1560 318 1592 Duc
343 1569 400 1592 nos
426 1561 477 1593 via
502 1562 624 1601 gratiae

291 1608 345 1640 Ad
371 1607 442 1640 fora
465 1609 587 1641 salutis.

169 1703 207 1735 R.
248 1702 376 1735 Gaudet
399 1703 600 1743 Anastasius,

238 1751 269 1781 A
294 1753 398 1782 morte
423 1760 491 1782 cum
516 1750 602 1783 filius

290 1797 370 1830 Suus
395 1798 577 1838 suscitatur,

286 1845 384 1877 Risus
409 1844 640 1887 frequentatur,

240 1892 342 1925 Deum
368 1893 460 1932 plebs
487 1893 658 1935 dignificat,

238 1940 408 1972 Erasmum
431 1940 624 1982 magnificat,

290 1987 400 2020 Credit
425 1991 457 2020 et
481 1989 628 2022 laetatur.

170 2035 209 2069 V.
242 2035 402 2075 Baptismi
426 2038 502 2068 tunc
526 2037 631 2077 gratia

289 2083 441 2115 Restituti
481 2102 493 2118 .

290 2130 371 2163 Sunt
395 2131 492 2163 saluti

244 2178 462 2219 Quadraginta
486 2179 586 2212 milia.

357 2282 406 2310 Ad
425 2282 606 2320 Magnificat.

163 2350 205 2383 A.
241 2351 266 2383 Ο
292 2353 394 2383 mater
420 2352 564 2393 ecclesia,

238 2398 330 2431 Omni
357 2399 454 2439 digna
477 2400 588 2441 gloria,

286 2446 398 2479 Gaude
422 2447 600 2489 iubilando,

937 357 1066 391 Erasmi
1088 355 1293 396 praeconium

936 404 1099 438 Praesulis
1126 403 1275 435 eximium

986 453 1109 485 Canens
1135 450 1310 490 exorando,

984 500 1085 533 Soluti
1111 502 1202 531 reatu

936 548 1062 581 Sanctis
1090 555 1160 578 cum
1184 544 1362 577 christiolis

937 596 1109 636 Iungamur
1135 593 1295 626 caelicolis

982 643 1061 675 Eius
1086 645 1122 674 ut
1142 645 1287 682 precatu.

999 748 1060 780 Ad
1084 747 1349 779 Matutinum.

1071 823 1276 849 {Invitatorium
1281 842 1287 848 .

934 891 1117 922 Adoremus
1138 890 1319 929 Dominum,

928 938 1047 978 Deum,
1074 940 1200 977 patrem
1225 938 1392 977 luminum,

981 985 1148 1017 Salvemur
1172 987 1209 1016 ut
1233 985 1357 1016 meritis

979 1032 1109 1065 Erasnii
1134 1033 1297 1066 antistitis,

990 1128 1037 1160 In
1065 1128 1095 1160 1.
1123 1127 1353 1161 NocturnO.

1075 1202 1275 1238 Antiphonae.

874 1260 904 1293 1.
931 1259 1086 1292 Fructum
1110 1269 1167 1292 suo
1192 1262 1337 1301 tempore

977 1307 1132 1339 Erasmus
1157 1308 1298 1344 donavit,

931 1354 1099 1386 Talentum
1126 1363 1196 1386 cum
1221 1354 1356 1387 foenore

980 1402 1060 1440 Quia
1084 1403 1273 1442 reportavit.

873 1469 904 1501 2.
931 1469 1036 1508 Quare
1062 1477 1132 1501 cum
1157 1469 1282 1501 insania

978 1516 1193 1548 Fremuerunt
1216 1520 1327 1556 gentes

931 1563 1040 1596 Verba
1065 1573 1125 1604 per
1148 1564 1258 1597 inania

978 1611 1015 1643 In
1041 1615 1186 1643 sanctum
1211 1611 1380 1652 rigentes?

872 1679 903 1711 3.
929 1677 1085 1710 Dominus
1109 1677 1260 1710 mirificat

978 1725 1076 1758 Suum
1102 1729 1245 1758 sanctum
1272 1727 1379 1768 hodie7

930 1773 1028 1812 Quem
1053 1774 1127 1813 polo
1153 1773 1307 1808 laetificat

975 1821 1169 1853 Laureatum
1194 1823 1326 1862 gloriae.

870 1888 901 1921 6.
926 1888 1074 1929 Domine,
1100 1897 1164 1920 non
1188 1888 1315 1921 habitat

974 1935 1069 1967 quta
1092 1939 1125 1967 ‘te
1149 1936 1317 1976 malignuS‚

929 1982 993 2014 Sed
1019 1983 1074 2023 qui
1098 1991 1133 2014 se
1156 1983 1307 2015 nobilitat

973 2029 1020 2062 Ut
1042 2030 1197 2062 Erasmus
1223 2031 1349 2071 dignus,

871 2097 902 2130 7.
929 2096 1043 2128 Omnia
1068 2096 1126 2128 sub
1151 2097 1288 2136 pedibus

976 2144 1055 2175 Eius
1081 2144 1256 2185 subiecisti,

928 2192 1012 2231 iesu,
1041 2192 1121 2223 caeli
1146 2192 1269 2224 civibus

976 2239 1060 2271 Eum
1086 2248 1157 2271 cum
1181 2240 1327 2275 iunxisti.

868 2306 900 2339 8.
927 2305 1018 2339 Sicut
1042 2316 1154 2346 passer
1180 2307 1294 2340 volitat

973 2354 1130 2387 Erasmus
1155 2356 1198 2388 ad
1222 2359 1374 2398 montem⁷

925 2402 1055 2434 Virtute
1077 2411 1112 2434 se
1130 2403 1251 2435 excitat

974 2451 1069 2483 Vitae
1094 2454 1225 2491 gustans
1250 2450 1383 2486 fontem.
