1651 2700
692 137 954 173 —139—

176 224 207 256 3.
233 223 315 269 Ave,
344 227 398 267 qui
423 237 605 269 puerperae
870 238 902 270 4.
929 239 1010 278 Ave,
1036 240 1090 280 qui
1117 241 1298 274 dolentibus

284 273 453 307 Succurris
478 277 609 317 reginae
976 287 1022 319 Et
1048 290 1150 328 captis
1176 290 1309 322 salutem

232 320 336 361 Opem
361 323 550 358 salutiferae
928 333 996 366 Das
1022 337 1055 367 et
1078 339 1112 368 te
1135 338 1320 376 petentibus

278 370 456 404 Praestans
480 374 672 418 medicinae,
976 382 1094 415 Miram
1119 393 1179 425 per
1204 386 1366 427 virtutem,

233 417 285 450 Ne
310 420 515 454 succumbam
542 423 660 455 misere
927 429 1005 471 Fac,
1028 440 1068 463 ne
1093 433 1307 471 pravitatibus

280 466 402 499 Reatus
428 469 550 508 ruinae,
975 478 1006 510 A
1031 478 1115 511 bono
1140 490 1191 512 me
1216 485 1344 526 mutem,

229 514 286 546 Me
312 515 442 548 virtutis
466 526 599 550 munere
927 525 992 556 Sed
1018 534 1089 558 cum
1115 530 1235 561 sanctis
1261 530 1385 562 actibus

277 562 370 594 Muni
396 564 466 596 sine
487 564 562 598 fine.
975 573 1129 607 Satanam
1157 576 1327 610 confutem.

561 645 593 677 5.
620 645 702 687 Ave,
729 647 782 686 qui
807 647 872 679 iam
896 650 1015 690 gaudia

667 693 771 726 Tenes
797 696 987 736 gaudiorum

619 741 726 782 Super
752 746 867 776 cuncta
893 745 1001 777 dulcia

666 790 703 822 In
729 799 827 832 regno
857 793 1028 833 caelorum,

619 837 689 869 Tua
714 847 773 880 per
798 839 950 882 suffragia

668 885 780 918 Coetui
805 891 987 921 sanctorum

618 933 681 965 Per
706 935 813 967 saecla
837 945 889 968 me
914 938 1001 969 socia

665 982 784 1014 Tecum
810 985 1023 1020 saeculorum.

228 1040 255 1068 A
275 1041 325 1070 fol.
350 1040 382 1071 11
394 1043 422 1071 b.

632 1138 677 1169 57.
717 1139 761 1171 De
782 1142 891 1172 sancto
913 1142 1006 1173 Luca.

162 1213 195 1246 1.
221 1213 303 1254 Ave,
334 1217 492 1256 evangelii
859 1223 889 1254 3.
917 1223 998 1264 Ave,
1026 1224 1080 1263 qui
1105 1225 1244 1265 imagine

270 1261 375 1302 Sator,
403 1262 483 1296 felix
509 1265 609 1308 Luca,
965 1271 1062 1303 Bovis
1089 1281 1122 1304 es
1148 1273 1285 1314 signatus

221 1308 341 1343 Contra
365 1312 451 1344 vires
477 1314 547 1346 vitii
917 1319 980 1351 Pro
1008 1321 1147 1360 exempli
1171 1321 1292 1354 lumine

266 1358 399 1392 Fortior
425 1361 587 1406 cambuca,
963 1367 1038 1400 Toti
1063 1369 1183 1401 mundo
1211 1370 1315 1412 datus,

219 1405 281 1446 Da,
309 1416 350 1438 ne
375 1410 487 1441 mundi
512 1411 601 1442 noxii
914 1415 1006 1447 Meos
1034 1415 1155 1448 Christi
1180 1418 1309 1450 nomine

267 1453 400 1487 Fallant
424 1466 476 1489 me
503 1459 634 1502 caduca,
963 1462 998 1495 Si
1025 1464 1113 1496 deles
1139 1468 1257 1507 reatus,

217 1501 287 1534 Nec
313 1504 410 1536 rodat
433 1506 587 1547 supplicii
911 1510 968 1542 Fit
992 1515 1047 1544 tuo
1072 1513 1234 1545 iuvamine

264 1551 400 1584 Aeterni
427 1562 534 1586 eruca.
960 1559 1055 1592 Felix
1080 1570 1170 1593 meus
1196 1564 1310 1594 status.

154 1628 188 1661 2.
213 1628 297 1670 Ave,
323 1630 426 1663 multa
451 1633 557 1672 gratia
851 1636 883 1668 4.
911 1637 993 1680 Ave,
1022 1637 1076 1678 qui
1099 1639 1277 1679 virgineam

260 1676 323 1709 Dei
349 1687 506 1720 spargens
534 1681 641 1725 verba,
962 1686 1092 1718 Vestem
1119 1688 1297 1728 custodisti,

215 1723 347 1758 Cunctis
375 1727 432 1759 das
458 1730 604 1762 remedia
914 1733 1127 1774 Corruptelae
1151 1736 1272 1769 tineam

261 1773 416 1807 Sermone
441 1778 473 1808 et
497 1777 609 1822 herba,
959 1782 1093 1822 Quando
1120 1785 1311 1826 contrivisti,

210 1820 289 1865 Fac,
317 1831 357 1854 ne
384 1833 435 1856 me
458 1825 584 1858 malitia
911 1829 1090 1863 Flammam
1116 1842 1278 1873 nunquam
1304 1834 1446 1876 subeam,

258 1869 434 1904 Daemonis
460 1874 601 1914 superba
958 1878 1059 1918 Quam
1084 1882 1120 1912 tu
1147 1881 1322 1927 extinxisti,

209 1917 338 1960 Tangat
362 1929 423 1952 nec
447 1922 579 1955 miseria
907 1927 1030 1959 Intrem
1056 1928 1119 1961 Dei
1145 1929 1282 1970 vineam,

259 1967 412 2001 Barathri
438 1971 566 2005 acerba.
954 1976 1054 2015 Quam
1081 1978 1145 2010 iam
1168 1979 1353 2019 possedisti.

541 2051 572 2085 5.
598 2050 681 2093 Ave,
709 2051 763 2092 qui
789 2052 965 2092 spiramine

645 2099 763 2132 Sancto
790 2101 981 2142 replebaris,

595 2146 676 2181 Cum
701 2149 735 2180 in
760 2149 874 2182 mundi
900 2150 1031 2183 turbine

643 2197 762 2229 Adhuc
786 2198 983 2239 versabaris,

592 2244 644 2276 De
668 2254 753 2278 vana
778 2246 933 2287 voragine

640 2293 696 2325 Me
728 2293 792 2325 duc
815 2294 928 2326 mundi
954 2295 1053 2327 maris

592 2340 638 2373 Et
662 2342 696 2373 in
724 2342 804 2374 caeli
831 2342 942 2374 limine

642 2389 709 2422 Sim
737 2399 807 2421 cum
833 2390 904 2422 Deo
932 2391 1025 2424 cariS.

201 2452 228 2480 A
248 2453 300 2481 fol.
322 2452 375 2482 2a.
