1651 2700
686 153 950 191 —197—

166 243 199 275 3.
226 243 264 275 In
287 251 388 284 eaque
413 245 611 280 immensitas
860 254 893 285 4.
919 253 971 286 Ex
997 263 1097 296 eaque
1121 255 1316 297 iucunditas,

223 290 276 323 Ab
302 291 438 333 ipsaque
463 294 654 339 redemptio,
921 301 1137 335 Gredentibus
1162 304 1296 348 laetitia,

226 339 289 371 Per
315 349 384 372 eam
410 350 534 375 summa
560 344 677 376 caritas
920 349 1171 392 Constantiaque
1192 352 1339 395 firmitas,

224 386 451 429 Bonorumque
474 390 615 432 largitio,
919 397 1111 439 lustitiaque
1135 401 1239 444 venia,

224 433 263 467 In
289 436 362 476 ipsa
388 446 519 478 compar
544 440 698 472 sanctitas
922 446 1000 484 Ipsa
1024 455 1082 478 nos
1108 447 1197 480 iuvet
1220 449 1360 492 trinitas,

224 482 314 516 Dans
341 488 457 518 cuncta
481 486 661 521 salutifera.
920 492 986 525 Nos
1015 494 1112 527 ducat
1132 495 1175 527 ad
1202 497 1363 532 caelestia.

527 607 568 639 18.
609 608 748 648 Hymnus
770 610 810 642 ad
829 611 955 644 laudem
976 612 1102 645 Christi.

161 693 192 727 1.
218 693 323 739 Salve,
353 698 466 729 sancta
492 706 565 730 caro
593 698 665 741 Dei,
858 704 889 736 5.
916 703 966 735 Tu
991 713 1089 745 super
1114 714 1223 738 omnes
1249 707 1377 749 nobilis,

217 742 305 781 Quae
330 743 364 775 in
391 753 487 777 cruce
512 748 708 791 pependisti,
914 750 1048 792 Semper
1074 762 1107 785 es
1133 754 1166 786 in
1192 755 1353 799 largitate,

214 790 316 823 Fiunt
339 792 423 825 salvi
447 802 508 833 per
533 797 566 826 te
591 795 648 838 rei,
914 799 964 832 Tu
989 809 1129 834 summus
1156 811 1189 834 es
1215 803 1399 846 laudabilis,

216 838 284 871 Nos
311 849 331 872 a
356 843 461 874 morte
486 842 662 888 redemisti,
913 847 1048 888 Semper
1074 857 1107 881 es
1131 850 1166 882 in
1192 852 1338 893 caritate,

215 886 294 918 Fuit
318 888 405 920 salus
431 889 507 922 data
532 892 632 933 gregi,
914 895 963 927 Tu
988 896 1090 928 lucem
1118 899 1239 930 cunctis
1263 900 1414 941 porrigis,

216 934 295 967 Cum
320 938 355 967 tu
381 937 465 969 mori
490 938 629 972 voluisti.
912 944 1046 984 Semper
1073 954 1105 977 es
1132 946 1164 977 in
1192 947 1349 983 claritate.

153 1021 184 1053 2.
212 1020 262 1052 Tu
289 1030 322 1053 es
349 1022 438 1055 Deus
464 1024 507 1056 ad
533 1026 709 1058 lavandum
851 1030 882 1062 6.
910 1030 960 1062 Tu
985 1039 1043 1062 rex
1069 1034 1221 1064 aeternae
1245 1033 1378 1075 gloriae,

211 1068 405 1102 Peccatores
431 1081 450 1103 a
477 1072 615 1114 delictis,
908 1078 1030 1110 Iustum
1058 1078 1164 1111 ferens
1186 1082 1222 1111 tu
1247 1082 1410 1124 vexillum,

210 1116 260 1148 Tu
283 1126 340 1149 nos
366 1118 439 1158 pius
466 1120 508 1151 ad
533 1121 754 1153 mundandum
907 1125 957 1156 Tu
985 1126 1131 1158 dominus
1157 1127 1323 1169 victoriae,

207 1164 260 1196 Ab
289 1166 474 1198 excessibus
498 1168 688 1209 praedictis,
907 1172 1045 1213 Stringis
1073 1176 1189 1206 cuncta
1212 1184 1273 1215 per
1297 1177 1466 1220 pugillum,

209 1211 290 1244 Esto
316 1213 401 1245 liber
425 1214 467 1246 ad
493 1216 683 1258 sanandum,
905 1220 954 1252 Tu
979 1224 1109 1254 sanetus
1134 1231 1166 1254 es
1191 1223 1226 1254 in
1252 1232 1359 1267 opere,

209 1259 261 1292 Ne
284 1261 455 1294 laedamur
481 1271 556 1295 casu
580 1264 659 1298 litis.
905 1268 1008 1300 Tuum
1034 1279 1170 1310 aequum
1197 1274 1247 1302 est
1271 1272 1422 1312 sigillum.

151 1346 181 1378 3.
209 1346 298 1379 Deus
322 1347 411 1387 pacis
438 1351 471 1380 et
495 1355 619 1382 amator
846 1355 875 1389 ’7,
900 1354 950 1386 Tu
977 1364 1010 1387 es
1035 1355 1109 1396 pius
1134 1357 1306 1390 miserator

211 1394 257 1426 Et
280 1398 316 1426 tu
341 1399 454 1428 auctor
479 1398 635 1439 veritatis,
902 1403 947 1435 Et
970 1403 1085 1443 plenus
1112 1407 1146 1436 tu
1174 1405 1354 1440 clementia.

210 1442 259 1475 Tu
283 1446 465 1476 nostrorum
492 1446 689 1486 gubernator
902 1451 953 1483 Tu
979 1455 1165 1484 cunctorum
1192 1462 1225 1486 es
1252 1458 1389 1496 creator,

209 1491 247 1523 In
273 1491 394 1524 virtute
421 1493 588 1537 claritatis,
901 1499 950 1531 Tu
975 1508 1116 1533 summus
1141 1501 1175 1533 in
1200 1503 1355 1546 potentia,

207 1538 255 1571 Tu
281 1549 340 1579 pro
366 1541 459 1573 nobis
484 1542 701 1585 triumphator
901 1547 949 1578 Tu
975 1550 1159 1581 nostrorum
1186 1558 1219 1582 es
1245 1554 1381 1585 amator.

204 1587 249 1619 Et
275 1588 463 1629 redemptor
487 1591 669 1630 potcstatis
901 1595 951 1627 Tu
977 1605 1055 1628 vera
1081 1598 1251 1638 sapientia.

144 1674 177 1708 4.
206 1674 254 1706 Tu
281 1678 435 1715 quantum
461 1685 495 1708 es
520 1677 698 1711 mirabilis!
841 1682 872 1714 8.
899 1682 938 1714 In
964 1682 1042 1727 Deo,
1069 1686 1180 1717 nostro
1206 1685 1353 1726 salutari,

208 1722 257 1754 Tu
279 1722 379 1756 habes
405 1725 616 1765 sapientiam3
900 1730 1081 1774 Faciamus,
1111 1733 1196 1773 quod
1220 1734 1405 1778 iucundum,

207 1770 255 1802 Tu
283 1774 436 1811 quantum
465 1782 498 1805 es
525 1774 694 1807 amabilis!
901 1778 1003 1811 Forte
1027 1779 1071 1821 hi,
1098 1781 1152 1821 qui
1178 1784 1253 1813 sunt
1277 1783 1378 1823 avari,

205 1818 254 1850 Tu
280 1820 419 1853 seminas
446 1822 669 1864 clementiam3
898 1828 965 1860 Iam
988 1828 1186 1861 descendant
1203 1830 1236 1862 in
1249 1830 1458 1875 profundum,

203 1866 251 1899 Tu
279 1871 431 1908 quantum
459 1871 545 1911 pius,
569 1871 717 1906 humilis!
899 1874 1005 1908 Simus
1031 1876 1101 1909 Deo
1127 1878 1215 1911 servi
1240 1879 1317 1920 cari,

199 1915 248 1947 Tu
274 1916 403 1958 mitigas
429 1919 603 1955 miseriam.
898 1923 1053 1957 Nostrum
1080 1925 1168 1958 dicat
1193 1936 1228 1959 os
1253 1930 1440 1963 rotundum.

734 2009 850 2043 Amen.

497 2128 537 2161 19.
578 2129 718 2169 Hymnus
741 2130 824 2164 alius
844 2141 941 2174 super
967 2134 1084 2166 eodem.

134 2217 166 2252 1.
193 2217 244 2250 Tu
272 2218 400 2263 donum,
429 2228 528 2265 amor,
557 2221 673 2264 pietas,
834 2226 866 2258 2.
893 2225 954 2266 Tu,
981 2228 1093 2266 pastor
1118 2226 1232 2267 bonus,
1260 2227 1411 2274 optimus,

189 2266 317 2299 Amasti
343 2270 432 2300 tuum
459 2269 623 2314 populum,
891 2274 995 2306 Tuam
1023 2274 1161 2306 animam
1189 2275 1318 2318 dedisti,

189 2316 251 2358 Tu,
277 2316 382 2349 maior
407 2316 600 2360 liberalitas,
890 2321 957 2354 Pro
983 2322 1047 2354 tuis
1074 2323 1187 2366 servis,
1216 2324 1329 2357 ovibus

189 2363 320 2396 Dedisti
344 2367 378 2397 te
403 2365 437 2398 in
462 2365 628 2406 pabulum,
888 2371 959 2403 Iam
984 2373 1020 2403 tu
1045 2371 1127 2403 mori
1151 2372 1296 2415 voluisti,

190 2411 312 2444 Salutis
339 2422 373 2445 es
399 2414 580 2457 integritas,
890 2419 938 2452 Ut
963 2422 1049 2451 esset
1071 2419 1139 2452 vita
1163 2421 1323 2464 gentibus,

188 2459 318 2493 Dedisti
345 2464 379 2494 te
402 2462 437 2495 in
462 2463 623 2504 poculum.
888 2466 1042 2501 Nostram
1070 2477 1199 2502 carnem
1225 2472 1442 2514 assumpsisti.
