1651 2700
690 132 952 168 —235—

516 229 547 261 7.
575 228 655 261 (lum
682 228 820 262 solvitur
844 228 909 261 iam
935 231 1069 270 spiritus

575 277 607 308 A
628 276 821 317 vinculoque
847 286 986 322 carcere,

574 324 719 364 Quiescit
743 333 763 356 a
785 325 952 358 laboribus

572 372 618 405 Et
642 374 752 405 manet
775 372 830 404 hic
853 373 888 405 in
913 375 1033 415 requie,

573 420 712 453 Recedit
736 419 777 452 ab
803 420 955 453 oneribus

574 468 619 500 Et
644 469 764 509 gaudet
788 468 860 509 ipse
885 478 1028 503 munere.

230 544 258 581 4,
279 544 297 573 6
317 545 391 573 fehlt
411 545 477 573 eine
498 543 582 572 Silbe
603 552 651 571 am
671 544 778 579 Verse,
799 544 870 572 lies:
893 544 1024 572 salutare
1045 543 1116 571 oder
1137 543 1264 571 salutem
1286 543 1377 579 quis?

582 666 628 697 78.
671 666 808 705 Hymnus
830 665 868 697 de
888 664 1070 707 prudentia.

167 749 199 783 1.
227 748 317 790 Quod
342 751 435 789 potes
461 748 579 780 bonum
606 747 724 789 facere,
863 749 895 781 4.
922 748 1086 787 Repertus
1112 746 1168 779 ubi
1195 744 1307 788 fueris,

228 798 375 838 operare
399 799 436 828 tu
459 797 630 837 instanter,
922 795 1126 829 Iudicaberis
1149 804 1210 835 pro
1237 797 1336 834 certo,

229 845 304 878 Non
331 844 462 877 differas
487 853 655 885 peragere,
920 845 959 877 In
985 846 1120 884 peccato
1145 851 1210 875 non
1234 841 1382 882 moreris,

228 893 364 933 Semper
389 902 465 934 gere
490 895 527 925 tu
552 895 747 935 constanter,
923 892 973 924 Tu
998 891 1132 924 recedes
1157 891 1191 922 in
1216 891 1388 931 momento,

227 942 313 974 Nam
339 941 423 973 solet
446 944 574 981 tempus
599 939 725 983 fallere,
925 939 988 972 Tui
1012 938 1087 972 finis
1112 947 1236 970 memor
1261 937 1336 977 eris,

228 988 324 1022 Gerit
350 989 507 1029 tristeque
531 989 703 1022 laetanter.
926 987 1119 1020 Recluderis
1144 988 1360 1018 monumento.

165 1067 200 1099 2.
229 1067 362 1106 Iamque
388 1065 519 1099 differre
540 1065 667 1097 tollitur
864 1066 896 1099 5.
923 1064 1039 1096 Nescis
1065 1063 1150 1095 diem
1174 1070 1278 1102 neque
1301 1062 1424 1100 horam,

228 1114 275 1147 Et
297 1114 332 1146 id
358 1122 456 1154 saepe
482 1115 704 1154 commutatur,
923 1111 1059 1151 Quando
1085 1111 1149 1142 eris
1174 1117 1373 1150 recessurus,

230 1162 308 1201 Quis
333 1160 465 1193 humilis
492 1160 659 1193 extollitur
923 1159 975 1191 Tu
1001 1159 1189 1190 damnosam
1216 1157 1295 1188 cede
1318 1164 1455 1195 moram,

226 1210 272 1242 Et
296 1208 456 1249 superbus
481 1209 697 1248 impugnatur,
924 1206 959 1239 Si
984 1208 1119 1247 peccato
1143 1214 1180 1237 es
1206 1213 1387 1244 mansuruS‚

226 1257 371 1298 Quiescit
395 1257 459 1299 hic,
487 1256 541 1297 qui
565 1256 710 1299 moritur,
922 1254 1025 1295 Surge
1050 1256 1125 1286 ante
1157 1256 1193 1285 tu
1217 1261 1378 1292 auroram,

228 1306 413 1346 Vivensque
437 1304 542 1337 labori
570 1304 676 1336 datur.
925 1302 976 1335 Sis
999 1302 1182 1343 prudenter
1205 1300 1426 1341 praevisurus.

168 1384 200 1417 3.
227 1382 302 1415 Non
327 1385 439 1423 speret
463 1381 534 1422 quis
559 1381 594 1413 in
618 1381 756 1420 homine,
865 1381 897 1414 6.
924 1379 1010 1412 Dum
1036 1379 1128 1419 vivis,
1154 1378 1239 1410 bene
1265 1377 1404 1416 semina,

228 1432 404 1471 Postquam
432 1429 472 1463 de
497 1429 616 1461 mundo
642 1429 733 1471 obiit,
924 1427 972 1460 Ut
995 1427 1100 1468 possis
1126 1421 1326 1467 recolligere,

228 1479 349 1511 Vivens
375 1487 410 1511 se
434 1480 551 1519 purget
575 1486 681 1519 onere,
923 1476 973 1508 Tu
998 1483 1118 1516 quaere
1142 1475 1224 1506 lucis
1248 1474 1370 1513 limina,

226 1527 347 1560 Beatus
372 1526 433 1569 vir,
459 1526 514 1567 qui
538 1525 694 1565 meminit,
923 1524 970 1557 Ut
994 1523 1109 1556 videns
1134 1522 1240 1563 possis
1264 1530 1412 1562 pergere.

227 1575 313 1608 Dum
339 1577 449 1607 manet
473 1574 544 1615 quis
569 1574 602 1606 in
627 1573 756 1614 robore,
924 1571 1051 1604 Vitabis
1076 1572 1162 1604 mala
1185 1569 1329 1610 flumma,

231 1624 435 1664 consideret,
463 1623 550 1663 quod
576 1622 707 1655 desinit.
925 1619 960 1653 Si
985 1629 1048 1652 non
1075 1619 1124 1651 vis
1151 1622 1240 1651 certe
1264 1627 1369 1651 ruere.

518 1701 549 1734 7.
576 1699 651 1732 Non
673 1707 785 1739 speres
811 1701 848 1730 tu
870 1700 944 1738 post
969 1697 1104 1737 obitum,

576 1748 623 1782 Ut
648 1747 743 1780 heres
769 1746 829 1779 tibi
856 1746 1014 1786 conferat,

576 1796 652 1829 Non
676 1795 823 1828 meminit
847 1803 882 1827 se
906 1794 1063 1827 monitum

573 1843 615 1877 Id
642 1844 785 1888 exsequi,
812 1843 899 1884 quod
926 1843 1064 1883 dixerat,

575 1894 645 1926 Iam
670 1901 787 1925 nomen
814 1894 864 1924 est
887 1891 1043 1924 abolitum

575 1941 751 1982 Testantis,
779 1941 835 1983 qui
859 1940 1082 1973 mandaverat.

232 2010 257 2045 1,
282 2009 295 2038 1
318 2013 433 2047 potens.
454 2024 493 2029 —
513 2007 541 2045 6,
563 2006 581 2037 3
601 2009 724 2037 lumina.

350 2126 397 2158 79.
437 2125 576 2165 Hymnus
598 2124 636 2155 de
657 2121 774 2155 activis
794 2120 966 2154 virtutibus
988 2126 1044 2153 seu
1065 2118 1292 2151 cardinalibus.

168 2210 202 2245 1.
230 2209 312 2243 Esto
338 2208 560 2249 providusque
584 2206 728 2247 prudens
865 2205 897 2236 2.
925 2203 975 2235 Tu
1000 2201 1166 2242 sapienter
1193 2200 1352 2240 consulas,

230 2258 493 2292 commemorans
518 2254 699 2296 praeterita
928 2250 980 2283 Ne
1007 2249 1139 2290 despice
1165 2248 1346 2291 consilium,

228 2307 274 2340 Et
298 2305 486 2348 praesentia
511 2304 697 2346 disponens,
929 2299 1107 2333 Consilium
1132 2299 1168 2329 tu
1193 2296 1353 2339 porrigas,

227 2355 355 2388 Futura
378 2354 495 2387 videns
520 2352 648 2394 merita,
927 2347 980 2380 Da
1004 2346 1152 2387 proximo
1177 2345 1388 2386 praesidium,

230 2403 282 2436 Sis
308 2403 459 2444 vigilans,
485 2411 549 2434 non
577 2400 750 2439 dormiens,
927 2395 1019 2436 Quod
1046 2394 1186 2436 quaeris,
1213 2393 1309 2427 fratri
1335 2392 1447 2437 facias,

226 2452 272 2485 Et
298 2461 364 2484 non
390 2452 434 2483 sit
459 2459 551 2483 mens
578 2447 766 2490 perterrita.
926 2444 976 2477 Tu
1002 2451 1130 2486 quaere,
1161 2443 1202 2476 da
1227 2442 1418 2475 subsidium.
