1651 2700
755 122 825 158 243

477 216 508 247 7.
537 215 672 258 Semper
695 218 789 251 nobis
818 220 862 252 sit
889 226 1103 262 augmentum,

528 264 716 304 Augeamur
739 267 772 298 in
803 268 933 308 virtute,

530 311 763 352 Praeparemus
788 314 1046 363 fundamentum,

530 360 576 393 Ut
600 370 656 392 nos
684 361 782 394 simus
810 363 845 395 in
869 365 986 406 salute,

528 408 711 448 Cogitemus
737 419 796 442 nos
824 416 974 445 eventum

526 455 741 490 Providentes
766 467 828 491 nos
855 464 973 494 astute.

491 604 541 636 90.
581 605 719 646 Hymnus
742 607 826 639 alius
849 616 944 650 snper
966 609 1083 641 codem.

157 728 165 736 .
191 702 302 735 Morte
325 704 407 736 nihil
433 700 512 749 [est]
541 707 671 749 certius,

192 750 257 783 Sed
282 761 341 784 nos
369 752 453 785 diem
478 753 673 795 ignoramus,

194 799 231 831 In
257 800 350 832 nobis
376 801 423 832 1111
448 802 651 842 prudentius,

191 847 293 887 Quam
318 858 376 881 nos
401 849 490 889 ipsos
515 859 755 893 cognoscamus,

192 896 249 928 Nil
275 896 368 928 nobis
394 900 444 929 est
466 898 590 938 utilius,

187 945 287 985 Quam
314 946 421 985 parati
447 955 644 980 maneamus

153 1077 160 1084 .
187 1049 381 1091 Ubicunque
405 1051 590 1083 invenimur

186 1098 255 1130 Nos
281 1099 423 1138 peccatis
449 1099 609 1139 innodati,

186 1145 238 1178 Ibi
259 1155 364 1186 poena
390 1147 454 1177 iam
479 1147 642 1188 punimur,

186 1193 221 1225 Si
244 1203 309 1226 non
334 1194 433 1225 simus
458 1203 516 1226 nos
542 1195 699 1234 mundati,

184 1241 260 1283 Sed,
288 1242 316 1273 si
341 1241 425 1274 bene
448 1251 507 1274 1108
531 1242 687 1283 lavamur,

188 1289 303 1322 Sumus
331 1289 400 1322 Deo
425 1290 520 1322 nimis
546 1291 641 1331 grati.

149 1420 156 1428 .
182 1396 270 1427 Anni
297 1396 359 1427 mei
386 1396 608 1429 discurrerunt

182 1444 280 1484 Quasi
305 1443 430 1484 umbra,
455 1444 569 1476 labens
593 1443 723 1484 flumen,

181 1490 260 1524 Dies
286 1492 349 1524 mei
375 1492 525 1524 abierunt

178 1539 372 1572 Incedentes
399 1550 458 1580 per
484 1541 668 1584 discrimen,

181 1588 284 1620 Actus
310 1589 374 1620 mei
399 1589 567 1629 perierunt

180 1635 254 1668 Non
280 1641 451 1677 sequentes
476 1638 558 1669 lucis
583 1638 702 1673 lumen.

143 1769 151 1777 .
178 1744 264 1784 Quid
291 1744 396 1788 doleo,
424 1744 452 1777 si
476 1745 599 1777 morior

176 1792 221 1825 Et
247 1793 365 1825 recedo
390 1802 409 1825 a
435 1792 624 1833 praesenti?

175 1841 259 1873 Nam
282 1850 372 1873 meus
397 1844 501 1874 status
527 1842 651 1883 melior,

175 1889 318 1922 Manebo
343 1890 378 1922 in
400 1899 436 1922 re
463 1890 595 1929 valenti,

173 1938 452 1980 Requiescamque
477 1939 625 1972 laetabor

174 1987 264 2020 Loco
289 1989 465 2028 sanctoque
491 1988 634 2021 caelesti.

138 2120 146 2127 .
174 2095 249 2128 Non
274 2095 412 2136 quiescit
433 2096 503 2136 quis
529 2105 590 2136 per
610 2096 733 2138 horam,

172 2144 258 2176 Dum
284 2144 374 2187 vivit,
401 2153 466 2176 non
490 2148 540 2176 est
564 2145 701 2185 requies,

170 2192 256 2225 Dum
282 2192 315 2224 in
340 2192 461 2225 mundo
480 2193 583 2225 trahit
600 2202 736 2235 moram,

172 2242 293 2274 Peccat
317 2241 352 2273 in
379 2242 432 2274 die
457 2242 589 2284 septies,

171 2290 234 2323 Est
259 2289 412 2323 delictum
440 2299 569 2331 semper
593 2299 700 2323 eoram

173 2340 315 2379 Ipsoque
339 2339 417 2371 mali
443 2339 578 2379 speeies.

854 709 886 741 6.
913 709 989 749 Quis
1014 708 1101 742 fallit
1124 710 1156 741 111
1182 711 1355 753 putamine,

915 757 1003 789 Vane
1028 758 1114 798 viget
1139 759 1290 799 cogitatu.

912 805 1083 839 Cruciatur
1108 804 1190 851 (hic)
1213 808 1396 851 certamine,

909 853 970 885 Est
997 852 1081 896 [1110]
1110 854 1226 887 absens
1251 855 1291 887 ab
1317 858 1439 897 optatu,

910 902 1009 933 Putat
1032 902 1148 934 laetari
1171 903 1300 943 lumine,

911 949 975 981 Sed
1001 950 1056 981 hic
1081 954 1167 982 caret
1194 951 1275 983 bono
1301 954 1396 985 statu.

874 1079 882 1086 .
910 1054 945 1086 Si
970 1053 1117 1087 adfluunt
1143 1056 1286 1090 divitiae,

908 1102 1019 1134 Nolite
1045 1111 1098 1134 eor
1124 1112 1297 1145 apponere,

907 1149 996 1181 Dant
1025 1159 1153 1182 eausam
1179 1151 1240 1182 hae
1263 1151 1425 1194 tristitiae,

908 1196 1020 1229 Solent
1044 1199 1185 1230 latrones
1211 1208 1338 1241 rapere,

907 1246 1036 1278 Dantur
1060 1246 1131 1278 viro
1157 1247 1310 1286 malitiae,

906 1293 1063 1325 Videmus
1091 1303 1144 1325 eas
1171 1293 1296 1328 fallere.

869 1426 875 1432 .
904 1399 989 1439 Quid
1013 1401 1125 1432 tardas
1150 1404 1183 1432 te
1208 1402 1363 1434 reducere

900 1448 955 1480 Ad
978 1457 1088 1481 veram
1115 1449 1372 1490 paenitentiam?

900 1496 984 1536 Quid
1009 1497 1173 1536 protrahis
1203 1497 1415 1530 convertere‘.>

901 1544 1059 1585 Relinque
1084 1549 1119 1576 tu
1146 1545 1349 1589 dementiam,

900 1593 1044 1625 Procura
1068 1594 1174 1626 Deum
1199 1603 1365 1634 quaerere,

900 1640 946 1674 Ut
970 1641 1082 1673 videas
1109 1642 1324 1676 clementiam.

865 1773 871 1781 .
897 1748 1013 1780 Redde
1036 1751 1164 1788 partem
1188 1749 1364 1783 iuventutis

897 1796 986 1828 Tuae
1012 1799 1123 1829 sancto
1149 1796 1218 1829 Deo
1245 1802 1365 1838 nostro,

898 1845 986 1876 Ante
1010 1847 1137 1885 tempus
1166 1846 1341 1878 senectutis

901 1893 951 1925 Tu
975 1893 1094 1934 legaris
1119 1895 1153 1926 in
1181 1894 1329 1937 registro,

897 1941 1024 1973 Memor
1050 1944 1118 1974 esto
1143 1944 1181 1974 tu
1205 1943 1328 1980 salutis,

899 1990 989 2022 Haec
1013 1988 1076 2033 [in]
1102 1989 1168 2023 fide
1184 1991 1245 2023 tibi
1271 1995 1423 2027 monstro.

862 2124 869 2131 .
896 2098 1043 2130 Iucunda
1068 2098 1112 2130 sit
1134 2098 1285 2130 iuventus

896 2146 967 2178 Tua
990 2146 1061 2178 Deo
1087 2149 1197 2178 nostro
1222 2147 1319 2185 iusta,

896 2193 945 2226 Sit
967 2193 1053 2226 bona
1077 2196 1134 2226 tua
1158 2197 1306 2227 senectus

896 2242 1000 2275 Crede
1025 2242 1099 2285 iam,
1126 2251 1189 2275 non
1210 2243 1282 2275 dico
1298 2242 1430 2285 frustra,

894 2290 994 2322 Plaee
1018 2290 1088 2322 Deo
1113 2293 1149 2323 tu
1176 2291 1323 2331 dilectus,

894 2338 989 2371 Mens
1020 2339 1055 2371 in
1078 2339 1198 2371 malum
1224 2340 1268 2371 sit
1291 2341 1435 2375 robusta.

174 2443 200 2478 7,
223 2442 240 2472 5
261 2444 381 2472 Dantur
400 2444 486 2471 vitio.
506 2460 546 2464 —
567 2441 611 2478 10,
636 2442 650 2471 1
671 2443 747 2472 fehlt
769 2444 836 2472 eine
857 2443 957 2479 silbe3
978 2444 1051 2471 lies:
1072 2444 1208 2472 Iucunda
1226 2444 1299 2473 fiat?

1195 2491 1254 2521 16*
