1651 2700
149 239 194 275 V.
228 241 253 274 O
281 241 361 276 felix
386 245 551 287 nativitas,

269 291 338 331 Qua
364 295 511 334 paratur,

268 338 357 378 Quae
382 344 543 381 speratur,

217 386 364 419 Aeterna
389 387 542 420 felicitas.

162 472 195 504 3.
222 472 336 505 Annos
361 473 458 506 Anna
482 475 664 514 pubertatis

267 520 383 561 Dignis
411 530 543 554 currens
571 524 717 557 cursibus

216 567 296 599 Viro
322 569 411 608 paris
438 570 615 603 honestatis

265 615 363 656 Legis
390 617 484 649 nubit
509 618 643 660 ritibus3

174 688 181 696 .
212 663 359 696 Ioachim
385 664 467 697 haec
494 666 698 711 desponsata,

214 712 401 752 Purpurata
427 717 460 745 et
486 714 590 749 ditata

261 760 377 792 Floret
402 763 512 802 aequis
538 763 693 797 moribus.

180 871 188 880 .
215 847 319 879 Actus
346 848 485 880 vitantes
510 849 687 883 obscaenos

261 895 387 928 Caelibi
414 897 561 938 coniugio

212 944 325 975 Annos
352 945 446 976 simul
469 954 529 985 per
554 945 604 978 bis
632 947 731 979 denos

262 992 321 1024 Pio
347 992 461 1024 vivunt
486 993 605 1034 studio,

169 1063 178 1073 .
212 1039 318 1071 Ambo
347 1040 485 1080 denique
509 1041 644 1082 nobiles,

212 1086 275 1119 Sed
303 1089 425 1119 ventris
452 1087 561 1120 fructu
586 1090 725 1124 steriles.

270 1221 317 1253 In
345 1223 376 1255 2.
404 1221 636 1257 Nocturno.

349 1317 550 1353 Antiphonae.

147 1384 178 1418 1.
202 1385 323 1418 Divina
347 1386 472 1418 iustitia

250 1433 301 1465 De
326 1435 414 1466 caelo
441 1436 621 1475 prospexit,

202 1481 296 1514 Sorte
323 1481 502 1515 multifaria

249 1530 340 1570 Quae
365 1531 495 1563 Annam
522 1533 676 1572 protexit,

142 1617 174 1650 2.
201 1616 330 1650 Sanctis
357 1622 433 1650 sunt
457 1619 491 1650 in
517 1619 680 1652 montibus

246 1666 364 1698 Annae
387 1664 610 1708 fundamenta,

199 1713 288 1753 Quae
312 1723 442 1754 semper
468 1715 644 1747 virtutibus

243 1762 384 1794 Vivebat
410 1763 544 1796 intenta.

135 1849 166 1882 3.
195 1849 322 1896 Novum
349 1849 419 1881 Deo
447 1850 608 1882 canticum

246 1898 407 1931 Conemur
434 1900 577 1938 cantare,

194 1946 247 1979 Ad
276 1955 405 1978 carmen
433 1946 517 1978 hanc
545 1947 700 1979 caelicum

241 1994 400 2035 Dignanti
422 2003 549 2027 vocare.

130 2082 164 2115 4.
191 2081 265 2114 Lux
289 2081 384 2113 iustis
411 2082 556 2114 exoritur

239 2129 286 2162 Et
312 2130 412 2161 rectis
438 2130 574 2169 laetitia,

191 2177 325 2212 Cunctis
355 2178 439 2209 enim
468 2180 613 2211 nascitur

236 2230 345 2267 Anna,
372 2226 434 2258 Dei
460 2227 575 2267 gratia.

128 2313 162 2346 5.
188 2312 348 2345 Dominus
375 2314 536 2346 mirabilis

233 2360 330 2392 Fecit
354 2362 528 2401 mirabilia,

185 2409 282 2441 Anna
309 2418 383 2442 cum
410 2410 587 2443 laudabilis

233 2457 344 2499 Surgit
369 2459 411 2491 ad
439 2459 604 2495 caelestia.

169 2516 192 2540 D
198 2523 213 2540 r
221 2523 235 2539 e
241 2523 259 2540 v
267 2523 282 2539 e
289 2523 315 2545 s,
334 2516 501 2541 Ohristanus
519 2518 749 2548 Campoliliensis.

600 2555 622 2571 N

796 152 938 188 49—

860 252 892 286 6.
918 251 1049 283 Domini
1075 252 1221 285 terribile

964 299 1089 332 Nomen
1112 304 1145 332 et
1169 301 1298 333 beatum

913 347 1030 379 Tenuit
1057 357 1112 380 cor
1135 349 1244 381 nobile

963 396 1079 427 Annae
1104 394 1353 436 frequentatum.

1055 481 1267 517 Responsoria.

856 538 887 572 1.
914 539 973 571 Rei
1000 548 1076 571 suae
1101 540 1315 573 substantiam

962 587 1087 619 Devota
1114 589 1343 621 consuetudine

912 634 1002 667 Dant
1025 636 1179 675 partitam
1204 635 1366 669 trifariam

961 683 1035 714 Vivi
1060 683 1123 715 Dei
1148 693 1208 724 pro
1235 685 1378 717 nomine:

840 729 880 763 V.
915 731 1044 763 Partem
1071 732 1149 764 dant
1174 733 1352 774 egentibus,

911 778 1040 811 Partem
1067 781 1300 824 sacerdotibus,

911 827 1041 859 Partem
1067 828 1132 860 suis
1158 828 1278 863 usibus,

851 894 883 927 2.
909 893 1034 926 Horum
1062 896 1130 927 vita
1155 894 1216 927 fuit
1241 900 1333 936 grata

956 942 1026 974 Deo
1052 945 1082 974 et
1110 944 1312 986 caelestibus,

906 990 944 1021 In
970 990 1091 1021 virtute
1115 991 1255 1023 solidata

954 1037 1164 1077 complacens
1190 1038 1384 1080 hominibuS,

831 1083 870 1118 V.
905 1084 968 1116 Dei
992 1085 1101 1126 placet
1128 1084 1193 1117 filio

952 1132 1025 1164 Non
1049 1133 1182 1173 indigne

951 1179 1016 1212 Sed
1044 1184 1108 1212 tam
1135 1181 1230 1221 digne

902 1227 990 1260 Rosa
1014 1228 1126 1260 iuncta
1151 1229 1229 1261 lilio.

843 1296 875 1328 3.
910 1295 1048 1338 Vovent,
1073 1296 1154 1336 ipsis
1180 1297 1207 1328 si
1236 1297 1369 1329 daretur

950 1343 1146 1384 Nuptiarum
1171 1345 1361 1388 praemium,

900 1392 1010 1432 Ipsum
1038 1392 1168 1432 quidem
1195 1393 1365 1426 offerretur

948 1440 986 1472 In
1013 1439 1072 1472 Dei
1100 1441 1287 1482 servitium3

827 1486 866 1521 V.
901 1487 974 1520 Hoc
1000 1488 1104 1520 tribus
1131 1489 1309 1521 sollemniis

898 1536 1061 1575 Quaerunt
1087 1536 1255 1569 sacrificiis

895 1583 941 1616 Et
966 1585 1028 1624 piis
1054 1583 1182 1618 officiis

836 1651 869 1684 4.
896 1651 1039 1684 Ioachim
1067 1651 1260 1684 sacrificium

894 1699 1017 1731 Ferens
1044 1700 1135 1732 audit
1161 1701 1372 1741 opprobrium

942 1746 1192 1780 1nfecunditatis

893 1795 938 1827 Et
963 1794 1046 1837 fugit
1071 1799 1103 1827 et
1129 1796 1341 1829 absconditur

892 1842 963 1875 Nec
988 1844 1030 1876 ad
1056 1854 1130 1877 suos
1156 1846 1341 1886 regreditur

940 1892 1018 1925 Flos
1044 1893 1283 1934 simplicitatis,

819 1938 858 1973 V.
893 1939 944 1972 Dc
968 1940 1056 1973 cuius
1083 1941 1231 1974 absentia

939 1988 1038 2028 Quasi
1065 1990 1195 2022 demens

937 2037 1035 2069 Anna
1056 2036 1197 2070 fremens

888 2085 1017 2117 Maerct
1041 2095 1121 2126 prae
1147 2087 1306 2127 angustia.

953 2183 1058 2216 1113.
1086 2183 1317 2216 Nocturno.

1031 2258 1078 2285 Ad
1100 2258 1231 2286 Cantica.

813 2316 855 2351 A.
891 2317 1007 2349 Mundi
1031 2317 1148 2349 decens
1172 2318 1289 2361 orbita,

936 2364 1111 2397 Gratulans
1137 2366 1262 2399 laetare

886 2412 1089 2446 celebrando
1113 2414 1228 2447 inclita

933 2460 1034 2493 Festa
1057 2463 1173 2495 Annae
1200 2463 1317 2497 clarae.

1255 2520 1274 2549 4
