1651 2700
736 137 1000 174 —135—

211 221 246 253 3.
272 222 353 266 Ave,
381 223 497 266 fugans
523 228 672 262 zabulum
911 238 942 270 4.
968 238 1050 281 Ave,
1079 241 1183 273 carnis
1208 243 1342 282 gloriam

320 271 431 305 Factis
459 275 614 318 caritatis,
1016 286 1183 329 Frangens
1209 290 1408 324 abstinenter

273 318 370 352 Solve
395 331 494 362 prece
518 324 680 358 vinculum
968 333 1029 373 Da,
1057 338 1093 368 ut
1117 336 1343 371 abstinentiam

320 368 415 402 Meae
440 372 622 418 pravitatis
1017 382 1156 425 Diligam
1182 384 1379 427 frequenter,

270 414 481 458 Nequaquam
506 420 566 452 sim
592 422 754 455 stabulum
968 429 1017 461 Ne
1042 440 1101 471 per
1127 434 1380 476 castrimargiam

318 465 415 498 Ultra
440 468 604 511 vanitatis,
1017 477 1192 513 Consumar
1217 481 1384 521 fallenter,

269 510 334 544 Sed
358 513 419 545 sim
442 518 682 557 receptaculum
965 524 1009 557 Ut
1034 535 1096 558 non
1123 528 1329 569 ignominiam

315 560 425 593 Omnis
452 565 644 599 sanctitatis.
1012 572 1168 608 Sufferam
1194 582 1357 611 nocenter.

599 645 629 677 5.
657 646 738 687 Ave,
766 647 820 687 qui
847 650 1003 689 martyrio

704 693 752 726 Te
776 695 881 728 tulisti
906 706 1053 742 pronum,

653 741 705 773 Da
730 743 800 774 sine
826 743 960 777 fastidio

701 790 797 823 Vitae
823 795 956 825 sanctae
982 794 1099 828 donum

653 837 698 869 Et
723 838 793 870 sine
817 841 976 881 supplicio

701 886 800 919 Omne
825 889 904 920 mihi
925 889 1052 934 bonum,

654 932 770 974 Spreto
795 937 907 969 mundi
934 939 1050 977 gaudio

700 981 789 1014 Caeli
815 985 969 1017 scandam
991 987 1153 1021 thronum.

262 1040 289 1067 A
309 1040 359 1068 fol.
383 1039 455 1069 781).
479 1058 514 1064 —-
537 1045 636 1083 Vergl.
657 1047 743 1075 Anal.
764 1049 820 1081 111,
845 1048 907 1078 1⁴06.

598 1147 647 1179 50.
682 1149 726 1180 Dc
747 1158 771 1181 s.
792 1151 932 1184 Iohanne
951 1153 1107 1194 Baptista.

194 1211 224 1243 1.
251 1211 332 1251 Ave,
357 1213 517 1247 Iohannes
543 1219 722 1262 praeclare,
892 1225 923 1257 3.
950 1224 1032 1263 Ave,
1059 1226 1178 1258 ardens
1204 1229 1386 1262 sanctitatis

302 1260 363 1300 Qui
389 1261 536 1303 baptizas
563 1264 743 1299 Dominum
998 1272 1147 1305 Lucerna
1172 1277 1205 1306 et
1228 1276 1348 1319 lucida,

253 1307 354 1340 Orare
379 1318 439 1349 pro
464 1320 516 1343 me
541 1312 675 1353 dignaie
951 1320 1072 1353 Praeco
1096 1330 1205 1354 merae
1230 1325 1375 1357 veritatis

300 1355 414 1397 Deum,
442 1362 568 1399 patrem
594 1362 758 1407 luminum,
996 1368 1035 1401 In
1062 1370 1209 1403 doctrina
1234 1370 1370 1413 fulgida,

249 1402 370 1437 Sordes
394 1415 539 1439 meorum
565 1411 722 1443 mundare
946 1415 1009 1457 Da,
1036 1420 1072 1449 ut
1096 1427 1187 1450 meae
1211 1420 1348 1453 vilitatis

300 1453 347 1486 Ut
372 1454 524 1495 dignetur
549 1458 716 1490 criminum
996 1464 1150 1508 Plangam
1176 1468 1262 1500 mala
1288 1467 1411 1503 foetida

248 1499 294 1531 Et
318 1502 440 1534 sanctis
469 1505 651 1538 coadunare
946 1512 991 1544 Et
1012 1522 1073 1553 per
1098 1514 1183 1547 viam
1211 1517 1357 1549 caritatis

296 1549 352 1580 Me
377 1553 453 1590 post
478 1552 564 1585 vitae
592 1556 775 1590 terminum.
996 1561 1131 1595 Curram
1158 1567 1267 1596 mente
1293 1566 1400 1599 avida.

184 1625 219 1656 2.
244 1626 327 1669 Ave,
355 1627 409 1667 qui
434 1628 623 1670 virginitate
885 1638 916 1669 4.
945 1637 1025 1680 Ave,
1053 1647 1071 1670 o
1097 1640 1171 1679 plus
1198 1650 1293 1682 quam
1318 1645 1479 1684 propheta

292 1675 428 1715 Angelis
456 1685 489 1709 es
516 1678 640 1718 similis,
991 1664 1123 1719 Domini
1147 1690 1357 1734 sanctissime,

245 1721 345 1754 Nulla
368 1725 475 1756 carnis
500 1724 660 1759 foeditate
941 1733 1026 1766 Mihi
1053 1735 1179 1778 assiste,
1206 1738 1330 1771 athleta

292 1770 476 1804 Maculatus
507 1772 644 1816 fragilis,
992 1782 1114 1815 Christi
1137 1784 1358 1826 invictissime,

239 1817 302 1858 Da,
331 1821 366 1851 ut
390 1820 451 1852 sim
476 1822 508 1853 in
536 1825 688 1857 castitate
940 1829 1014 1862 Non
1035 1840 1088 1863 me
1111 1837 1236 1888 pungat
1260 1836 1369 1877 ardor,
1396 1841 1483 1882 veta,

290 1866 383 1900 Vitae
408 1877 538 1910 semper
562 1872 692 1906 stabilis
990 1878 1113 1920 Culpae
1136 1881 1367 1926 iniquissimae,

238 1914 284 1947 Et
311 1916 345 1948 in
371 1918 457 1949 omni
483 1920 656 1954 sanctitate
940 1926 1004 1960 Sed
1031 1928 1074 1960 sit
1098 1938 1188 1962 mens
1215 1932 1257 1964 ad
1274 1932 1392 1966 bonum
1417 1935 1503 1969 laeta

286 1963 355 1997 Deo
382 1967 604 2008 acceptabilis,
985 1975 1060 2009 Mea
1085 1976 1356 2019 frequentissime.

571 2048 603 2080 5.
632 2048 714 2090 Ave,
742 2050 796 2090 qui
822 2051 930 2084 vicisti
954 2057 1090 2087 mortem

677 2096 742 2129 Sub
766 2098 901 2132 Herode
922 2101 1033 2143 impio,

627 2145 706 2178 Cum
734 2147 775 2179 ad
803 2148 957 2181 salutaris
982 2154 1102 2183 sortem

674 2193 802 2227 Finitus
830 2205 863 2228 es
891 2197 1012 2241 gladio,

626 2242 814 2281 Tyrannum
838 2245 958 2278 Inferni
985 2244 1103 2279 fortem

671 2290 741 2323 Tuo
767 2292 895 2325 vincam
921 2293 1065 2334 brachio,

623 2337 880 2381 Sanctorumque
905 2350 957 2373 me
983 2346 1165 2375 consortem

669 2386 738 2419 Fac
762 2388 796 2420 in
824 2389 905 2421 caeli
931 2391 1059 2431 gaudio.

231 2446 258 2474 A
278 2447 330 2476 f01.
352 2446 425 2477 vsa.
445 2465 485 2470 -
505 2451 565 2480 efr.
588 2453 676 2482 Anai.
697 2454 751 2489 ΠΙ,
776 2452 840 2483 179.
