1651 2700
691 138 953 173 —263—

199 258 207 265 .
234 229 447 264 Referrentur
473 233 641 275 cogitatus,

235 279 326 312 Mala
350 280 461 323 verba,
490 281 603 322 otiosa,

866 238 899 270 9.
927 237 1029 270 Iudex
1054 238 1156 270 iustus
1181 239 1323 282 ultionis,

926 285 1088 324 Quaerens
1112 295 1169 318 nos
1197 286 1316 320 dedisti
1337 288 1458 331 lapsus,

235 327 358 360 Cuncta
384 337 546 369 operaque
571 333 661 362 actus

233 374 388 416 Bonaque
411 377 601 418 pernitiosa,

232 422 306 455 Non
333 425 489 456 contritus
514 434 577 456 non
605 423 770 458 confessus

230 471 339 503 Intrat
361 472 435 504 loca
458 472 640 506 tenebrosa.

923 333 1052 365 Donum
1077 333 1130 366 fac
1154 335 1362 378 remissionis,

922 380 1102 414 Redemisti
1128 391 1254 414 crucem
1279 393 1403 426 passus,

921 429 1009 460 Ante
1036 430 1120 462 diem
1146 431 1280 463 rationis

922 475 969 507 Sit
995 486 1165 516 processus
1188 482 1299 511 noster
1324 489 1446 513 cassus.

170 539 203 571 4.
232 538 374 577 Quantus
401 541 451 570 est
476 538 603 571 futurus
629 543 760 582 tremor,
838 543 893 575 10.

233 586 368 626 Quando
393 587 494 619 iudex
521 591 570 619 est
593 591 757 631 venturus,

228 633 359 667 Cunctis
386 635 449 666 erit
472 645 606 676 magnus
630 640 746 678 terror,

231 682 336 715 Iudex
362 683 475 716 stricte
501 684 714 725 discussurus,

228 730 350 763 Contra
371 734 473 763 malos
499 732 567 763 eius
594 731 714 774 fervor,

227 778 331 811 Nemo
357 779 420 810 sibi
446 779 671 815 absconsurus,

920 544 1039 575 Preces
1058 553 1147 576 meae
1163 554 1227 577 non
1241 549 1316 577 sunt
1328 547 1454 588 dignae,

920 590 984 623 Sed
1010 594 1166 624 tremesco
1191 597 1351 633 tamquam
1372 603 1456 635 reus,

920 638 1003 670 Nam
1029 643 1060 670 et
1085 649 1178 680 geras
1204 645 1239 672 tu
1265 641 1410 682 benigne,

920 686 1023 719 Nobis
1050 688 1172 720 cunctis
1198 698 1306 730 parce,
1333 689 1432 732 Deus,

919 735 968 767 Tu
996 734 1134 768 defende
1159 746 1216 768 nos
1242 737 1282 769 ab
1307 737 1390 778 igne,

921 783 1023 823 Culpa
1049 783 1144 815 rubet
1168 785 1273 817 vultus
1298 794 1398 820 meuS.

169 847 202 879 5.
227 846 349 878 Mirum
381 846 460 878 tuba
485 856 641 888 spargens
667 858 790 891 sonum,
836 849 890 882 11.

227 894 327 933 Quem
353 897 439 926 totus
463 896 602 927 mundus
626 897 744 928 sentiet

222 942 267 974 Et
296 943 448 983 sepulcra
473 944 650 985 regionum,

228 990 320 1022 Haec
346 994 462 1023 cuncta
486 992 550 1023 iam
576 992 711 1033 aperiet,

227 1038 335 1070 Ducet
359 1047 469 1071 omnes
492 1042 568 1071 ante
592 1040 753 1082 thronum,

228 1087 339 1119 Omnis
363 1089 508 1119 mortuus
531 1091 687 1128 resurget.

920 850 1027 893 Verbi,
1055 850 1202 891 Domine,
1229 855 1396 892 memento,

917 898 956 930 In
981 907 1042 938 quo
1067 899 1146 930 mihi
1170 908 1260 939 spem
1287 900 1417 943 dedisti,

918 946 968 977 Tu
993 955 1044 978 me
1068 947 1141 978 finis
1163 947 1196 979 in
1222 954 1381 980 momento

917 993 961 1025 Et
989 994 1028 1026 de
1053 994 1120 1026 luto
1147 1004 1197 1026 me
1223 995 1339 1036 fecisti,

918 1041 996 1073 Cum
1021 1042 1173 1074 recludar
1198 1046 1414 1086 monumento,

915 1089 1004 1129 Ergo
1029 1090 1146 1131 salver,
1171 1094 1209 1122 ut
1234 1091 1354 1126 dixisti.

915 1156 965 1188 Tu
983 1157 1046 1188 scis
1063 1156 1152 1196 bene,
1172 1158 1257 1197 quod
1274 1167 1343 1190 sum
1361 1159 1450 1202 cinis,

915 1204 1065 1236 Reduces
1090 1213 1141 1236 me
1165 1205 1199 1236 in
1225 1206 1401 1246 pulverem,

913 1251 1040 1284 Memor
1069 1255 1136 1284 esto
1162 1254 1225 1285 mei
1250 1253 1333 1297 finis,

915 1299 1107 1332 Convertam
1130 1310 1182 1332 me
1206 1301 1239 1333 in
1267 1302 1415 1347 cinerem,

909 1347 991 1380 luva
1015 1357 1067 1380 me
1090 1358 1109 1381 a
1134 1350 1226 1381 malis
1252 1350 1357 1393 minis,

911 1396 960 1427 Tu
986 1394 1085 1428 facito
1110 1406 1162 1428 me
1185 1398 1332 1433 hilarem.

165 1155 197 1186 6.
225 1153 318 1186 Libri
344 1154 460 1193 scripti
484 1153 693 1195 proferentur
832 1156 889 1189 12.

224 1201 350 1234 Cuncta
378 1205 469 1241 gesta
494 1201 682 1245 referentes,

226 1249 297 1281 Viri
323 1250 491 1290 sanctique
516 1250 689 1292 laetentur,

220 1298 417 1330 Peccatores
440 1298 506 1329 sint
530 1298 688 1340 dolentes,

220 1347 307 1378 Acta
331 1346 463 1386 publice
486 1346 644 1389 legentur,

219 1394 329 1426 Erunt
352 1394 428 1426 iusti
455 1395 703 1434 congaudentes.

913 1462 947 1495 Si
972 1463 1005 1495 in
1031 1464 1151 1496 lumine
1176 1468 1308 1498 aeterno

907 1511 1033 1555 Essem,
1060 1512 1155 1544 nimis
1180 1516 1213 1544 te
1237 1514 1414 1555 laudarem,

909 1559 954 1591 Et
979 1560 1007 1591 si
1033 1569 1133 1592 essem
1160 1561 1194 1593 iu
1219 1561 1357 1600 inferno,

910 1605 1475 1656 (Te)nonsicfortecommendarem,

908 1655 1006 1687 Dicas
1033 1656 1124 1688 mihi:
1153 1666 1216 1689 non
1243 1660 1276 1690 te
1301 1668 1429 1699 sperno.

906 1704 974 1736 Iam
1002 1707 1034 1736 te
1059 1703 1133 1745 feci,
1160 1709 1197 1738 ut
1221 1706 1389 1740 salvarem.

218 1461 323 1494 Iudex
347 1461 451 1493 iustus
478 1470 547 1493 cum
575 1462 704 1494 sedebit
830 1463 885 1495 13.

218 1509 399 1541 Declarans
426 1512 542 1542 cuncta
566 1518 676 1551 opera,

215 1558 378 1598 Quidquid
404 1558 486 1589 latet
509 1558 692 1600 apparebit,

189 1632 192 1635 .
216 1606 280 1638 Per
306 1608 421 1638 cuneta
447 1606 577 1646 quidem
605 1609 763 1649 tempora,

215 1654 272 1686 Nil
296 1654 434 1686 inultum
460 1654 650 1697 remanebit,

213 1702 388 1734 Retribuet
411 1702 465 1734 hic
490 1712 632 1737 munera.

159 1462 190 1494 J]

907 1771 954 1803 Te
979 1781 1042 1804 non
1066 1773 1184 1804 mortui
1211 1773 1400 1818 laudabunt,

908 1819 972 1852 Sed
988 1820 1052 1852 iam
1071 1821 1226 1861 homines,
1253 1823 1306 1862 qui
1325 1823 1444 1865 vivent,

909 1868 970 1908 Qui
994 1868 1028 1900 in
1054 1869 1205 1909 gaudium
1231 1870 1399 1904 intrabunt

155 1771 187 1803 8.
215 1770 286 1803 Rex
313 1771 501 1803 tremendae
525 1770 715 1812 maiestatis,
823 1771 878 1804 14.

214 1818 412 1861 Recordare,
441 1818 571 1852 Christe
594 1819 659 1861 pie,

214 1867 306 1907 Quod
333 1867 508 1899 salvandos
533 1868 640 1900 salvas
667 1868 779 1910 gratis,

214 1914 331 1948 Sumus
357 1924 454 1948 causa
478 1919 554 1948 tuae
578 1916 661 1958 viae,

210 1964 260 1996 Tu
288 1963 360 1996 fons
384 1964 476 1997 vivus
501 1965 645 2006 pietatis,

215 2012 283 2045 Nos
309 2013 472 2045 salvemur
496 2014 556 2046 illa
582 2013 644 2046 die.

460 2079 515 2111 15.
543 2077 592 2109 Tu
618 2077 775 2109 Dominus
801 2078 866 2109 iam
893 2086 926 2109 es
954 2081 1071 2118 certus,

543 2126 711 2158 Naturalis
738 2135 808 2157 sum
833 2128 996 2167 peccator,

544 2175 613 2208 Iam
639 2184 658 2206 a
682 2177 716 2206 te
741 2183 805 2206 non
829 2174 887 2205 sim
917 2174 1073 2211 desertus,

542 2222 613 2263 Ego
639 2231 762 2265 servus,
790 2226 827 2254 tu
853 2225 990 2262 creator,

541 2271 662 2304 Contra
686 2280 739 2303 me
763 2279 827 2302 non
853 2270 913 2302 sim
938 2274 1104 2310 expertus,

539 2319 621 2352 Esto
647 2320 725 2351 mihi
751 2319 934 2351 miserator.

212 2379 237 2414 1,
259 2379 277 2408 5
298 2380 367 2409 Lies
394 2382 519 2409 sinistri.
542 2397 577 2401 --
606 2380 634 2416 4,
656 2379 674 2408 2
696 2381 771 2410 Cum
796 2381 895 2408 iudex.
916 2395 954 2399 —-
976 2378 1020 2413 15,
1045 2380 1059 2408 1
1081 2383 1128 2410 Tu
1147 2382 1229 2410 Deus
1255 2384 1325 2411 iam.
1347 2398 1386 2403 —
1409 2384 1471 2412 Der

132 2419 272 2455 Hymnus
300 2421 342 2448 ist
366 2422 549 2448 interessant
576 2421 668 2449 durch
695 2420 753 2448 den
778 2420 838 2448 fast
866 2422 898 2447 in
928 2421 1025 2448 seiner
1046 2420 1147 2449 Ganze
1168 2422 1374 2459 eingewebten
1395 2423 1472 2451 Text

137 2457 189 2486 dee
209 2459 283 2486 Dies
304 2460 376 2493 irae,
398 2469 436 2487 zu
456 2459 563 2487 dessen
583 2459 756 2488 Textkritik
777 2469 809 2487 er
828 2458 913 2486 nicht
933 2458 1009 2486 ohne
1024 2460 1109 2488 Wert
1129 2462 1177 2488 ist.
1212 2461 1278 2498 Vgl.
1300 2471 1325 2489 z.
1342 2462 1376 2490 B.
1399 2460 1426 2496 9,
1442 2461 1460 2489 2

909 1916 954 1949 Et
979 1919 1067 1949 tuam
1092 1919 1197 1950 lucem
1223 1920 1373 1960 sentient,

907 1965 982 1997 Tibi
1007 1966 1120 1998 laudes
1145 1967 1393 2006 proclamabunt

906 2013 952 2046 Et
976 2014 1037 2046 tibi
1063 2019 1175 2047 cantus
1202 2014 1334 2050 facient.
