1651 2700
276 231 331 265 20.

272 472 327 503 25.

266 711 322 744 30.

782 141 847 177 1020
898 163 943 167 —

362 231 439 265 Cum
467 234 572 265 carnis
599 236 695 268 sorde
722 237 822 270 Satan
849 243 878 271 et
904 241 965 273 soli
990 242 1050 274 tibi
1076 243 1182 277 sorde.

360 281 449 313 Caeli
475 290 595 322 sponsa
623 284 723 327 ducis,
752 294 830 318 cano
857 291 898 330 te,
927 289 1005 321 mihi
1031 299 1121 330 spem
1147 292 1220 331 quia
1248 294 1349 336 ducis,

358 328 407 360 Tu
435 329 548 361 dulcor
573 332 689 375 mellis,
716 334 800 365 mala
827 335 932 378 pellis,
961 337 1067 370 tristia
1091 339 1206 380 meHiS,

358 376 383 409 O
412 377 515 409 dulcis
541 378 627 419 vitis,
654 379 800 413 referens
826 386 901 415 nato
927 393 985 417 sua
1010 386 1043 417 vi
1069 386 1122 419 tis.

358 423 475 457 Grates
504 426 543 457 do
571 426 699 460 Christo
727 430 851 462 veniam
880 431 971 463 danti
996 434 1075 465 mihi
1101 435 1232 476 christo,

355 471 421 503 Dat
446 482 560 512 pacem
585 474 685 507 latam
713 479 858 516 poscenti
885 479 925 510 de
950 483 1044 519 patre
1067 482 1177 517 latam.

354 519 446 552 Haeo
471 522 618 560 patribus
647 521 716 555 fata
742 524 888 558 Christus
915 528 1045 566 perimit
1070 528 1141 562 fera
1166 529 1243 563 fata.

355 566 493 608 Christe,
520 578 593 601 reos
619 571 721 612 salva,
746 581 812 612 pax
840 574 934 605 detur
961 576 1006 608 eis
1031 580 1088 609 tua
1113 579 1202 610 salva

353 615 455 655 Inque
481 620 537 649 tua
561 619 672 658 palma.
695 620 835 660 vigeant,
863 622 990 654 vireant
1016 625 1107 664 quasi
1131 627 1249 665 palma.

351 663 569 704 Rugerum
597 675 708 699 versus
735 670 785 700 ter
812 669 911 702 denos
939 671 1042 713 dirigo
1069 681 1191 716 versus,

352 711 427 752 Oro,
455 715 559 754 pater,
586 724 645 754 pro
672 724 723 747 me
749 716 887 749 Domino
914 719 969 758 pia
996 720 1140 753 carmina
1163 731 1287 762 prome.

213 781 238 808 B
264 781 314 809 fol.
341 780 398 809 212
409 791 435 810 a.
458 798 495 802 —
525 783 548 812 C
572 785 622 813 fol.
651 785 743 815 2031).
765 802 803 806 —
824 786 841 815 5
870 789 950 817 vadis
976 790 1008 817 G.
1030 805 1066 809 —
1087 786 1275 820 &bei-schrift
1299 802 1352 821 aus
1380 796 1411 822 Ο.

138 815 184 845 29.
217 819 264 846 Im
285 820 441 858 Nekrolog
461 831 520 850 von
540 823 702 852 Lilienfeid
721 825 813 854 findet
832 827 896 855 sich
917 837 983 856 zum
1007 828 1050 856 17.
1065 829 1182 866 August
1207 840 1261 859 rou
1282 833 1364 860 einer
1380 833 1470 860 Hand

137 856 188 884 des
212 855 256 885 14.
278 858 385 887 Jahrh.
410 862 616 898 eingetragen:
654 864 805 899 ,Rue-erus·
840 866 975 893 *aem-rien-
997 870 1027 894 εἴ
1046 869 1208 897 monachus
1228 871 1259 897 in
1274 869 1468 907 Campolyli.“

136 895 286 934 Zeisberg,
310 897 342 926 S.
367 896 431 926 129.
474 900 546 928 Dies
568 910 636 938 mag
656 902 704 929 die
726 903 789 931 hier
812 904 955 933 urwiilnnte
982 906 1220 936 Perionliohkeit
1241 910 1313 936 sein.

256 1570 311 1604 10.

252 1812 307 1847 15.

356 991 383 1023 9.
427 992 510 1029 Quod
531 994 706 1033 gratiosior
729 998 776 1027 est
797 997 955 1037 correptio
979 1006 1070 1037 quam
1092 999 1246 1031 adulatio.

571 1066 785 1098 Versibus
812 1067 1031 1101 Leoninis.

346 1138 507 1171 Fraterno
533 1141 702 1173 stimulans
728 1143 809 1174 assit
833 1143 922 1185 mihi,
952 1144 1048 1176 cedat
1073 1146 1222 1179 adulans.

345 1186 419 1218 Non
445 1188 508 1219 mel
533 1188 696 1220 adulantis
722 1191 794 1222 volo
820 1191 943 1223 malens
968 1192 1087 1225 verber
1113 1195 1261 1229 amantis,

345 1233 447 1266 Cedat
473 1236 634 1278 adulator,
661 1246 711 1268 me
735 1242 859 1278 pungat
882 1238 967 1271 1111115
992 1245 1127 1274 amator.

344 1281 414 1314 Non
442 1283 597 1316 simulans
623 1288 733 1328 ungat,
761 1286 819 1318 sed
846 1287 967 1319 amicus
993 1297 1055 1329 me,
1084 1290 1166 1326 volo,
1195 1295 1327 1331 pungat.

344 1330 474 1363 Laudet
497 1332 648 1365 adulator
674 1333 765 1374 alios,
793 1343 844 1366 me
871 1336 984 1367 oaedat
1012 1340 1147 1370 amator.

343 1378 492 1411 Dilector
517 1381 652 1424 scalpet,
680 1382 849 1414 simulator
873 1392 925 1415 me
950 1393 1054 1424 neque
1077 1386 1200 1426 palpet.

343 1426 461 1459 Nescio
487 1428 685 1470 laudantem,
713 1431 771 1462 sed
798 1431 936 1464 amicum
964 1433 1100 1465 verbera
1125 1435 1266 1467 dantem.

341 1475 437 1507 Absit
463 1477 625 1517 adulator,
654 1476 752 1510 feriat
776 1488 828 1511 me
853 1488 948 1512 verus
977 1485 1112 1514 amator.

340 1523 412 1555 Non
439 1524 578 1564 palpans
604 1525 715 1566 lactet,
741 1527 799 1558 sed
826 1536 936 1559 amans
962 1537 1014 1560 me
1039 1530 1176 1562 verbere
1201 1534 1328 1564 mactet.

340 1572 439 1612 Quam
466 1572 574 1605 verbis
600 1574 676 1614 ungi
702 1583 763 1614 per
788 1576 924 1607 amicum
951 1577 1023 1616 plus
1050 1578 1122 1610 volo
1149 1579 1259 1620 pungi.

337 1620 507 1660 Palpantis
534 1622 632 1653 mella
658 1621 783 1663 fugiens
809 1633 880 1655 amo
901 1623 968 1656 fida
993 1623 1132 1666 flagella.

337 1668 456 1700 Munus
483 1670 647 1702 adulantis
673 1679 830 1711 spernens
857 1672 929 1704 volo
956 1673 1071 1705 vulnus
1097 1675 1244 1709 amantis,

337 1716 484 1749 Verbera
508 1716 575 1750 fida
600 1719 683 1754 volo,
711 1719 882 1759 palpantia
904 1721 995 1753 basia
1019 1722 1106 1754 nolo.

335 1764 439 1797 Fallit
463 1765 625 1807 adulator,
653 1767 895 1806 reprehendens
919 1769 1022 1803 munit
1048 1775 1184 1803 amator.

335 1812 408 1845 Non
436 1814 566 1846 credam
593 1814 724 1854 blando,
752 1816 811 1848 sed
837 1817 891 1857 qui
919 1826 968 1849 me
993 1820 1097 1850 terret
1122 1819 1272 1853 amando.

336 1861 414 1894 Plus
442 1862 526 1902 dape
551 1863 716 1903 palpantis
742 1873 794 1896 me
816 1865 907 1906 virga
932 1869 1060 1898 serenat
1086 1868 1236 1900 amantis.

335 1909 535 1943 Verberibus
561 1911 661 1952 pungi
687 1912 771 1944 malo
797 1922 893 1954 quam
919 1914 1071 1947 laudibus
1096 1916 1183 1956 ungi.

332 1958 460 1991 Firmat
485 1968 597 1992 amans
623 1961 805 2004 stimulans,
832 1970 884 1993 me
909 1963 1019 1995 ridens
1046 1964 1149 1996 laedit
1174 1964 1324 1998 adulans,

333 2006 404 2039 Non
433 2008 546 2048 palpet
572 2008 690 2045 blesus,
718 2018 778 2050 per
801 2010 938 2043 amicum
964 2012 1036 2051 plus
1064 2022 1135 2045 amo
1163 2022 1287 2046 caesuS.

249 2057 305 2089 20.
335 2056 438 2089 Cedat
464 2056 629 2089 adulantis
656 2058 730 2100 mel,
758 2056 801 2090 fel
831 2059 972 2092 delectat
998 2061 1146 2094 amantis.

192 2121 218 2149 A
240 2121 290 2149 fol.
317 2119 387 2150 12b.

582 2202 624 2234 10.
663 2202 781 2235 Monita
805 2204 845 2235 ad
865 2204 988 2236 Filium.

528 2274 739 2307 Versibus
766 2276 1039 2310 ludentibus,

345 2350 423 2391 Fili,
450 2351 606 2385 mandata
634 2353 711 2384 data
737 2361 819 2393 quae
844 2356 929 2394 sunt,
958 2362 1099 2394 congrua
1123 2355 1225 2394 laudi,

344 2399 443 2440 Audi,
472 2400 593 2432 virtute
615 2403 650 2432 tu
676 2405 709 2432 te
734 2410 821 2443 rege,
849 2401 914 2434 vim
943 2402 1127 2434 documenti

347 2447 453 2479 Menti
481 2449 681 2492 commenda,
708 2450 827 2482 menda
854 2459 963 2483 careas
990 2450 1179 2485 animorum.
