1651 2700
703 158 939 191 —93—

175 256 236 288 4a.
259 255 283 288 O
310 264 400 295 quam
429 253 507 286 felix
533 258 565 285 et
588 254 731 295 insignis,
858 250 919 285 4b.
946 251 1060 293 Iesum,
1090 249 1201 282 mundi
1226 248 1429 285 salvatorem,

262 303 352 342 Quae
370 306 434 334 tam
452 302 542 333 miris
560 300 662 342 fulges
680 301 788 341 signis,
944 298 1045 330 Tuum
1069 297 1199 337 quidem
1226 296 1424 334 dilectorem,

306 350 443 391 Insignit
466 352 502 381 ut
526 350 626 388 ratio;
992 345 1122 385 Colligis
1148 344 1297 385 hospitio.

173 429 191 460 5
205 437 234 459 a.
260 427 442 467 Paganismi
467 434 550 457 nexu
577 428 687 465 captos
859 422 916 457 5b.
943 422 1085 454 Lazarus
1111 421 1355 461 quatriduanus,

258 474 339 515 Legi
364 473 484 507 Christi
508 473 618 505 reddis
644 477 736 512 aptos
944 470 989 502 Ut
1013 470 1071 509 vis,
1098 469 1274 501 suscitatur
1299 475 1406 508 sanus,

307 521 406 553 Verbi
431 521 492 553 Dei
516 520 651 561 pabu103
989 517 1105 549 Mortis
1131 517 1171 548 ab
1200 515 1372 555 ergastulo.

175 601 234 632 6a.
260 599 394 631 Saevum
420 596 571 628 exsufflas
598 596 767 628 draconem
857 592 917 627 6b.
944 594 1093 625 Animam
1121 597 1196 624 tuae
1220 592 1338 624 sororis

261 646 372 679 Crucis
390 647 519 677 sanctae
535 652 593 685 per
609 651 791 675 mucronem
943 641 992 672 De
1017 641 1087 673 loco
1113 641 1205 673 vides
1231 638 1386 672 maeroris

308 693 465 725 Gaudium
497 692 576 723 dans
602 691 764 731 omnibus3
994 688 1082 721 Caeli
1108 688 1196 729 iungi
1222 687 1355 720 civibus.

177 771 234 802 7a.
260 770 410 801 iuvenem
436 777 573 799 mersum
601 767 641 798 de
665 775 744 798 nece
858 764 917 798 7b.
947 766 1064 797 Ferum
1093 765 1289 798 Glodoveum
1313 771 1420 804 regem

258 816 317 849 Pia
341 816 502 847 suscitasti
527 823 624 854 prece
946 812 1042 845 Fidei
1068 812 1158 843 ducis
1184 812 1225 843 ad
1251 812 1353 851 legem

310 864 440 896 Virtute
463 863 586 894 inolita.
994 859 1158 899 Sospitate
1182 859 1320 891 reddita.

177 941 235 973 8a.
261 940 400 980 Laudes,
428 940 512 979 1esu‚
539 938 650 970 damus
674 937 743 979 tibi,
860 936 920 968 8b.
947 936 1066 969 Vitatis
1091 939 1127 967 ut
1150 935 1262 975 poenis
1288 934 1399 967 mortis

262 988 364 1020 Prece
387 986 537 1019 Marthae
558 985 633 1017 iube
658 984 756 1016 scribi
947 984 1104 1017 Canamus
1131 983 1207 1015 Sion
1232 983 1265 1014 in
1291 982 1394 1022 portis

309 1034 375 1066 Nos
401 1034 434 1065 in
460 1034 544 1065 vitae
569 1033 695 1073 pagiua,
992 1031 1190 1073 Angelorum
1218 1031 1369 1064 carmina.

240 1110 263 1137 B
284 1110 335 1137 fol.
357 1107 411 1137 170
420 1109 446 1137 b.
469 1123 507 1128 -—
529 1108 576 1135 Ale
602 1108 750 1142 Tropus
771 1115 859 1141 super
878 1106 1009 1133 Alleluia
1028 1106 1100 1142 geht
1116 1114 1244 1134 voraus:

621 1165 645 1192 O
666 1172 738 1191 vera
757 1163 902 1197 meridies,

621 1202 645 1229 O
666 1203 779 1229 sincera
799 1202 924 1238 requies,

659 1241 736 1272 1esu,
759 1248 845 1266 omne
865 1240 981 1272 bonum,

625 1277 746 1305 Colloca
765 1278 949 1313 supplicibus

622 1316 758 1343 Marthae
778 1324 832 1343 nos
853 1316 1020 1351 precatibus

661 1354 706 1381 Ad
727 1354 883 1381 caelestem
902 1353 1048 1381 thronum.

591 1475 633 1506 12.
673 1475 717 1506 De
739 1476 850 1506 sancta
869 1475 1059 1506 Petronella.

182 1557 241 1589 1a.
267 1557 347 1596 Ave,
374 1555 450 1588 Sion
474 1554 552 1596 filia,
865 1554 924 1588 ib.
952 1554 1015 1586 Dei
1039 1555 1305 1594 promptuarium,

265 1604 351 1643 Agni
376 1603 609 1643 tympanistria,
951 1603 1092 1642 Spiritus
1118 1603 1304 1644 sacrarium,

312 1652 410 1691 Virgo
436 1653 504 1682 tota
528 1651 646 1692 vivida,
997 1650 1182 1682 Petronella
1205 1648 1332 1684 florida.

179 1730 239 1762 2a.
266 1728 360 1760 Vitae
384 1736 518 1767 sequens
544 1727 704 1758 tramitem
867 1726 924 1760 2b.
951 1726 1105 1757 Flaccum
1131 1726 1259 1766 spernis
1288 1727 1445 1767 comitem,

267 1776 377 1807 Altum
403 1775 484 1807 vitas
510 1775 666 1816 gurgitem
952 1774 1084 1807 Omnem
1107 1774 1211 1806 vincis
1237 1773 1380 1806 fomitem

313 1823 498 1855 Mundanae
521 1821 680 1863 fallaciae,
1001 1821 1146 1854 Garnalis
1171 1822 1334 1856 lasciviae.

181 1901 241 1933 3a.
265 1898 451 1931 Holofernis
478 1899 642 1931 dexteram
867 1898 924 1931 3b.
951 1898 1083 1930 Manum
1108 1898 1201 1930 nobis
1226 1899 1359 1940 porrige

264 1947 302 1979 In
328 1950 425 1987 caput
448 1956 511 1978 non
537 1955 707 1987 perperam
951 1946 997 1978 Et
1021 1947 1063 1978 ad
1088 1948 1188 1979 vitam
1215 1947 1328 1989 dirige,

312 1994 496 2026 Extendisti
521 2003 697 2035 prospere3
1003 1994 1112 2036 Virgo,
1137 1995 1213 2026 veni
1238 2004 1389 2035 propere.

181 2072 242 2103 4a.
269 2071 390 2104 Nostra
416 2071 514 2103 corda
538 2071 672 2103 sordida
867 2070 928 2103 4b.
957 2071 1057 2104 Omne
1080 2072 1199 2104 malum
1225 2081 1364 2116 remove,

267 2119 396 2151 Lavans
424 2128 503 2150 sana
527 2119 687 2164 morbida,
957 2119 1058 2152 Omne
1082 2120 1200 2152 bonum
1227 2130 1380 2160 promove

315 2167 466 2199 Sustenta
492 2167 622 2199 debilia.
1004 2167 1133 2199 Salubri
1157 2168 1328 2202 industria.

180 2245 198 2275 5
214 2252 242 2276 a.
269 2244 339 2275 Tua
361 2253 420 2284 per
443 2244 629 2284 precamina
872 2243 933 2277 5b.
960 2244 1028 2278 Ubi
1051 2247 1157 2276 tecum
1180 2245 1299 2285 iugiter

269 2291 406 2324 Demum
431 2293 478 2324 sic
503 2293 544 2324 ad
571 2292 711 2324 culmina
957 2292 1118 2324 Fruamur
1142 2291 1283 2324 feliciter

317 2340 481 2372 Ducamur
507 2341 667 2381 caelestia,
1005 2340 1121 2371 Vultus
1146 2340 1209 2371 Dei
1233 2341 1346 2381 gloria.

252 2414 276 2441 B
297 2414 347 2442 fol.
371 2412 460 2442 164a.
480 2429 518 2433 —
537 2416 621 2443 Mel.:
649 2416 742 2443 Veni
763 2417 895 2442 sancte
916 2415 1087 2451 spiritus.
1108 2431 1147 2434 —
1166 2416 1219 2443 Als
1238 2416 1388 2452 Tropus
1410 2425 1498 2453 super

175 2452 305 2480 Alleluia
325 2453 396 2489 geht
413 2462 535 2481 voraus:
