1651 2700
163 224 203 258 V.
235 225 367 267 Hospiti
390 227 542 262 sufficere

238 273 353 319 Tanto,
380 277 439 309 tali
464 288 563 319 opere

283 323 442 357 Mundum
469 336 531 359 non
555 329 701 368 putabat.

173 418 206 449 4.
235 417 346 451 Servis
373 424 404 453 et
430 422 599 461 militibus,

233 462 333 499 Iustis
360 473 392 500 et
417 471 614 510 pauperibus

281 514 393 555 Dapes
420 520 650 561 praeparabat,

231 562 305 594 Tali
329 565 509 598 ministerio

233 610 296 642 Dei
322 613 505 651 patrocinio

278 658 398 693 Sedulo
424 662 578 703 vacabat3

155 705 195 738 V.
227 706 318 749 Erga
343 709 437 748 plura
462 710 605 754 turbida,

228 755 340 788 Mente
362 759 469 790 tamen
494 758 603 792 vivida

276 803 478 845 Frequenter
504 808 653 843 sudabat.

290 959 335 990 In
365 961 396 992 2.
424 960 657 997 Nocturno.

371 1036 569 1072 Antiphonae.

161 1090 193 1124 1.
219 1091 341 1124 Divina
366 1094 491 1127 iustitia

268 1139 318 1171 De
345 1142 433 1173 caelo
458 1146 637 1189 prospexit,

218 1186 383 1221 Martham
410 1198 481 1222 cum
507 1192 548 1224 ad
575 1195 694 1233 gaudia

266 1236 436 1269 Caelorum
464 1241 582 1274 evexit.

155 1331 186 1363 2.
214 1329 294 1362 Eius
320 1336 397 1365 sunt
421 1334 453 1366 in
478 1337 639 1370 montibus

263 1379 391 1413 Sanctis
418 1381 637 1423 fundamenta,

213 1427 307 1459 Vixit
332 1438 405 1461 nam
432 1431 590 1472 legalibus

259 1476 450 1518 Praeceptis
476 1480 611 1516 intenta.

150 1572 183 1604 3.
211 1571 338 1605 Novum
368 1574 438 1608 Deo
466 1578 625 1611 canticum

255 1620 325 1654 Ista
353 1622 548 1663 decantavit,

206 1667 311 1710 Super
336 1671 487 1705 thronum
514 1675 667 1708 caelicum

253 1718 312 1758 Qui
338 1719 423 1752 hanc
449 1723 614 1756 exaltavit.

142 1813 175 1844 4.
202 1812 364 1846 Nuntiant
387 1815 546 1851 iustitiam

251 1862 364 1902 Tuam,
392 1864 535 1910 Martha,
564 1869 645 1900 caeli

201 1910 381 1952 Populique
405 1914 542 1952 gloriam

247 1958 403 1993 Sermone
428 1961 529 1997 fideli.

135 2055 167 2088 5.
194 2056 292 2089 Fecit
317 2059 482 2093 mirabilia

241 2105 400 2140 Dominus
422 2109 537 2142 salutis

193 2153 349 2187 Plantans
372 2156 459 2189 inter
484 2159 554 2191 lilia

239 2202 335 2235 Hane
360 2205 481 2237 multae
505 2207 647 2243 virtutis

129 2299 160 2331 6.
187 2298 251 2332 Dei
278 2302 465 2336 testimonia

237 2348 328 2381 Haeo
352 2354 389 2383 ut
415 2353 601 2394 custodivit,

186 2395 273 2429 Hinc
299 2398 331 2430 in
358 2401 441 2432 caeli
467 2402 556 2435 curia

233 2445 279 2478 Et
303 2452 417 2489 regnat
440 2452 471 2482 et
495 2450 586 2484 vivit.

719 140 861 183 --77
911 162 957 167 .-

875 297 905 330 1.

1077 242 1287 278 Responsoria.

932 298 1023 331 Haec
1048 300 1087 332 ab
1113 300 1299 336 infidelibus

931 346 993 378 Est
1016 348 1137 381 iniecta
1163 351 1286 384 ratibus

979 395 1086 428 Pauca
1112 405 1182 429 cum
1208 399 1350 439 cohorte,

931 441 1104 476 Remorum
1129 446 1278 485 subsidii,

930 491 1083 523 Ciborum
1109 494 1221 526 solacii

976 538 1140 573 Destituta
1165 545 1267 582 sorte3

928 587 1105 620 Advehunt
1129 589 1309 623 Marsiliam

923 634 1037 678 Aquis,
1066 640 1143 668 tunc
1168 637 1374 672 Provinciam

972 683 1069 715 Fidei
1095 684 1174 717 dant
1199 690 1322 726 portae.

889 783 897 790 .
923 757 1046 791 Dentes
1071 769 1151 801 equo
1177 763 1304 803 longior

922 806 1039 850 Draco,
1067 808 1150 842 bove
1175 812 1327 853 grossior,

971 854 1036 888 Ceu
1061 861 1156 897 spata
1181 859 1331 904 habebat,

923 902 983 942 Qui
1008 904 1042 936 in
1067 914 1160 938 amne
1184 907 1288 950 latuit,

922 950 1141 985 Transeuntes
1165 956 1284 998 rapuit,

968 999 1076 1031 Naves
1101 1001 1348 1044 submergebat;

922 1045 1001 1078 Tam
1024 1057 1044 1079 a
1069 1057 1167 1082 saeva
1191 1051 1296 1082 bestia

917 1093 979 1125 Dei
1005 1095 1137 1128 Martha
1159 1097 1266 1137 gratia

966 1142 1124 1182 Populum
1148 1145 1305 1178 solvebat.

880 1242 887 1249 .
912 1217 1008 1250 quta
1033 1220 1191 1259 quendam
1217 1220 1349 1254 fluvium

914 1264 1058 1298 Tandem
1082 1269 1311 1301 monasterium

959 1313 1085 1347 Devote
1111 1314 1270 1359 fundavit,

913 1361 978 1394 Ubi
1002 1362 1081 1395 haec
1107 1364 1243 1407 ieiuniis,

909 1408 1075 1452 Precibus,
1102 1413 1221 1453 vigiliis

957 1457 1095 1492 Domino
1120 1462 1266 1502 vacavit3

910 1505 1024 1538 Vitans
1051 1510 1306 1550 castrimargiam

908 1553 1014 1587 Solam
1041 1556 1272 1595 parcimoniam

952 1603 1119 1636 Ardenter
1144 1607 1274 1639 amavit.

904 1679 1033 1713 Iuvenis
1059 1683 1187 1723 navigio

902 1726 1039 1766 Quidam
1066 1738 1178 1763 carens
1203 1730 1301 1765 fluvio

949 1776 1171 1819 Praesumpsit
1195 1783 1320 1824 natare,

898 1824 1029 1857 Fluenti
1054 1826 1087 1858 vi
1113 1829 1241 1868 rapitur

897 1871 942 1904 Et
967 1875 1062 1906 morti
1088 1876 1253 1909 addicitur

947 1921 1139 1956 Submersus
1166 1934 1292 1970 amare3

896 1969 993 2002 Hune
1018 1971 1059 2003 de
1083 1974 1196 2006 mortis
1222 1973 1336 2008 funere

899 2019 1050 2051 Festinat
1076 2030 1298 2063 praepropere

943 2067 1076 2101 Martha
1100 2073 1271 2104 suscitare.

952 2174 999 2206 In
1029 2175 1063 2208 3.
1091 2175 1325 2211 Nocturno.

1041 2250 1087 2278 Ad
1109 2250 1241 2279 Cantica.

890 2308 1033 2349 Martha,
1063 2319 1127 2342 non
1156 2312 1323 2345 vocaberis

934 2357 1032 2390 Ultra
1059 2358 1227 2399 derelicta,

888 2403 1012 2446 Gloria,
1040 2415 1103 2446 qua
1128 2405 1247 2440 frueris

934 2453 977 2486 In
1004 2455 1113 2495 caelis,
1142 2457 1271 2490 amicta.
