1651 2700
692 128 740 133 —
791 109 858 146 195

506 237 549 269 14.
590 238 730 278 Hymnus
753 240 791 272 dc
812 242 1002 275 Ascensione
1025 243 1152 276 Christi.

206 342 214 352 .
239 318 278 350 In
305 319 429 351 caelum
453 318 507 351 hic
532 320 725 362 ascendidit‚

237 366 400 408 Christus,
427 367 532 400 victor
558 368 661 401 omnis
686 370 799 413 pestis,

236 413 301 446 Hic
324 415 427 447 lucem
452 416 572 448 mundo
598 416 746 449 reddidit

236 462 282 495 Et
306 463 341 495 in
368 463 458 497 caelo
485 466 535 496 est
559 473 579 496 a
605 464 739 508 dextris,

238 511 349 544 Omnis
376 520 439 544 vox
464 521 604 552 superna
631 512 764 545 cecinit:

238 558 351 591 Laude
378 559 493 600 dignus
519 560 572 591 hic
598 560 756 595 caelestis.

200 669 207 676 .
240 644 368 677 Gaudet
394 645 447 677 hic
473 654 544 677 cum
569 649 680 679 sancto
705 649 799 687 patre

235 693 273 726 In
301 693 389 725 caelo
414 696 447 725 et
472 702 542 726 cum
569 695 703 738 angelis,

235 741 349 773 Manet
373 739 456 785 (hic)
484 751 504 774 a
529 742 645 775 dextro
671 744 784 788 latere,

234 789 403 822 Laudatur
427 790 467 822 ab
495 790 708 833 archangelis,

230 837 390 878 Dignatur
415 838 508 870 nobis
535 839 651 870 cedere

232 886 408 918 Aeternam
437 887 535 918 vitam
561 888 717 927 parvulis.

873 325 905 357 3.
932 323 963 356 A
988 325 1082 356 malis
1107 334 1166 357 nos
1191 325 1415 365 praesentibus

932 371 1020 404 Deus
1045 373 1212 414 liberaque
1235 376 1340 406 morte

933 416 992 463 (A)
1019 418 1200 461 futurisque
1224 421 1411 454 absentibus

930 466 976 498 Et
1000 468 1041 499 ab
1067 469 1154 501 omni
1179 470 1265 502 mala
1290 472 1377 502 sorte

929 514 975 546 Et
999 524 1019 547 a
1045 515 1164 548 dolosis
1190 516 1350 558 gentibus,

931 562 1004 594 Non
1030 563 1096 595 sint
1120 566 1195 595 tuae
1221 565 1349 597 clausae
1367 567 1494 605 portae.

895 674 902 681 .
927 648 977 681 Tu
1002 657 1113 682 servos
1139 653 1210 683 tuos
1237 651 1389 691 conspice

930 698 975 730 Et
996 706 1038 729 ne
1061 700 1191 730 avertas
1218 697 1346 741 faciem,

932 745 982 777 Tu
1008 746 1110 778 oculis
1137 755 1194 778 nos
1220 747 1348 787 respice

930 793 974 825 Et
1000 794 1092 826 salva
1116 797 1259 827 nostram
1285 795 1396 836 aciem,

932 841 1076 874 Salutem
1101 844 1245 874 nostram
1269 844 1421 885 prospice

931 889 1185 932 Abhorrensque
1209 891 1395 931 perniciem.

240 968 265 1004 1,
291 969 304 998 1
326 970 382 999 his.
404 987 443 990 —
465 971 489 1006 1,
511 970 529 1001 3
550 973 607 1001 his.
628 988 666 992 —-
687 972 713 1008 2,
738 972 752 1002 1
775 974 831 1002 his.
852 990 890 994 -—
910 973 937 1009 2,
959 972 977 1003 3
997 975 1054 1003 his.

541 1105 583 1136 15.
626 1105 762 1144 Hymnus
785 1105 823 1137 de
843 1105 968 1147 Spiritu
988 1106 1110 1138 Sancto.

195 1220 202 1227 ,
230 1192 311 1224 Veni
336 1195 382 1233 tu,
409 1197 521 1225 sancte
546 1195 690 1238 spiritus,

230 1241 261 1273 A
286 1243 382 1281 patre
408 1244 442 1273 tu
469 1243 672 1275 sanctissimo

230 1288 298 1321 Nos
325 1289 422 1322 visita
448 1290 614 1333 divinitus,

228 1337 312 1369 Veni
334 1347 354 1369 a
379 1337 506 1370 Christo
531 1338 609 1380 filio,

231 1386 267 1417 Jn
294 1384 387 1417 nobis
414 1386 458 1418 sis
483 1387 662 1426 paraclitus

231 1433 362 1473 Nosque
388 1443 507 1466 corona
531 1436 685 1476 praemio.

195 1545 201 1553 .
230 1520 278 1552 Tu
306 1519 449 1560 digneris
475 1530 533 1553 nos
559 1531 698 1563 purgare

228 1568 403 1608 Repellens
431 1572 547 1601 cuncta
571 1571 662 1610 vitia,

228 1616 296 1648 Nos
324 1617 465 1658 digneris
492 1617 727 1651 transformare

228 1664 407 1705 Purgemur
432 1675 451 1697 a
475 1666 610 1708 malitia,

226 1712 294 1745 Nos
322 1713 464 1754 digneris
491 1713 681 1757 reformare,

226 1760 270 1793 Ut
295 1761 394 1793 simus
419 1762 453 1793 in
478 1763 647 1795 munditia.

190 1873 193 1879 l
223 1846 366 1880 Infunde
390 1848 484 1881 nobis
509 1850 631 1890 gratias

223 1895 355 1937 Nosque
381 1897 500 1930 virtute
526 1898 654 1942 robora,

223 1945 360 1987 Semper
384 1945 552 1978 nobiscum
578 1956 718 1991 maneas,

223 1994 316 2026 Intra
340 1994 385 2027 sis
411 1998 524 2027 nostra
549 1998 684 2035 pectora

227 2043 360 2083 Nosque
385 2044 506 2076 salvari
532 2042 644 2086 facias,

221 2090 344 2124 Nostra
366 2094 402 2124 tu
429 2092 501 2124 dele
527 2093 660 2126 scelera.

187 2203 194 2210 .
222 2178 272 2210 Tu
296 2178 359 2211 Dei
384 2179 489 2219 patris
515 2180 656 2224 nuntius,

221 2227 343 2260 Noster
369 2226 521 2261 defensor
545 2237 716 2269 permanes

220 2275 265 2308 Et
289 2279 323 2308 te
347 2277 542 2309 transmittit
566 2276 664 2322 filius,

222 2324 360 2357 Nostras
386 2328 422 2358 tu
446 2326 568 2358 munda
595 2325 705 2370 facies,

223 2372 383 2406 Converte
407 2383 466 2407 nos
492 2374 525 2407 in
552 2375 678 2416 melius,

217 2421 304 2460 Tuas
331 2423 458 2457 custodi
485 2423 581 2457 acies.

868 1198 900 1230 5.
927 1197 976 1228 Tu
1002 1206 1092 1229 amor
1119 1196 1322 1229 delectabilis

925 1245 1038 1285 Tuque
1063 1245 1188 1277 viarum
1215 1245 1356 1284 maritae,

925 1293 975 1325 Tu
1000 1293 1057 1326 lux
1083 1293 1321 1333 desiderabilis,

925 1341 975 1373 Tu
999 1341 1118 1381 lumen,
1147 1350 1224 1373 vera
1250 1342 1378 1385 caritas,

925 1389 975 1421 Tu
1002 1389 1091 1421 cibus
1118 1398 1151 1421 es
1178 1389 1338 1429 amabilis,

927 1437 976 1469 Tu
1001 1437 1116 1478 virtus,
1144 1438 1247 1470 omnis
1273 1438 1406 1471 sanitas.

889 1550 896 1557 .
923 1523 973 1555 Tu
998 1523 1136 1564 praebes
1162 1524 1344 1562 luminaria,

922 1572 971 1603 Tu
997 1572 1093 1612 pellis
1120 1575 1250 1604 cunctas
1275 1572 1439 1614 tenebras,

923 1619 972 1651 Tu
998 1620 1083 1660 regis
1108 1630 1165 1653 nos
1191 1621 1376 1664 prudentia,

922 1668 972 1700 Tu
998 1668 1105 1701 salvas
1130 1677 1246 1710 mares,
1269 1668 1415 1712 feminas,

922 1716 972 1748 Tu
999 1716 1057 1748 das
1082 1725 1216 1749 aeterna
1240 1717 1359 1758 gaudia

922 1764 1035 1805 Tuque
1060 1765 1213 1797 virtutem
1240 1774 1429 1806 praeparas.

887 1879 894 1886 .
921 1851 971 1884 Tu
995 1861 1028 1883 es
1052 1852 1259 1895 illuminatio,

922 1900 972 1932 Tu
996 1900 1148 1941 salusque
1173 1899 1344 1942 refugium,

919 1948 970 1980 Tu
994 1951 1105 1981 nostra
1133 1949 1319 1991 dominatio,

918 1997 967 2029 Tu
993 2003 1139 2030 nostrum
1163 2007 1197 2030 es
1222 1999 1388 2041 solacium,

919 2045 969 2078 Tu
995 2048 1107 2078 nostra
1133 2055 1166 2079 es
1194 2045 1350 2089 defensio,

919 2095 969 2127 Tu
994 2094 1125 2127 salubre
1151 2095 1330 2128 consilium.

885 2207 891 2214 .
920 2182 971 2214 Tu
997 2181 1180 2214 consolator
1205 2182 1365 2224 relevans,

921 2230 972 2262 Tu
998 2229 1167 2261 caritatem
1192 2229 1362 2270 proferens

920 2278 1033 2318 Tuque
1058 2278 1195 2310 salutem
1222 2287 1386 2318 resonans,

917 2326 967 2359 Tu
991 2328 1103 2358 sancte
1128 2336 1186 2359 nos
1213 2327 1397 2360 custodiens

920 2374 1033 2415 Tuque
1058 2375 1201 2415 peccatis
1228 2375 1373 2419 obvians,

919 2423 969 2455 Tu
997 2423 1095 2456 vitam
1121 2424 1203 2457 lucis
1229 2424 1410 2466 porrigens.

1247 2479 1307 2510 13*
