1651 2700
743 152 1005 188 —212—

233 256 265 289 3.
291 255 341 287 Tu
365 253 537 294 purissima
561 255 714 292 concepta
942 251 975 284 8.

292 302 367 334 Sine
392 301 496 333 carnis
521 300 696 339 voluptate⁷

291 350 341 381 Tu
365 359 384 382 a
408 349 477 381 Deo
500 348 564 379 iam
591 347 690 379 electa

293 397 415 429 Venisti
440 405 460 428 a
483 395 638 437 trinitate,

293 445 342 477 Tu
366 453 446 484 prae
472 443 594 475 cunctis
620 452 653 474 es
678 441 824 482 perfecta

293 491 385 524 Salus
410 492 442 523 in
469 491 675 525 humanitate.

238 562 270 593 4.
297 559 436 591 Nostrae
460 559 523 590 iam
548 557 778 597 redemptionis
942 557 973 589 9.

292 606 398 638 Fuisti
422 609 457 637 tu
481 605 673 645 principium

293 654 495 694 Nostraeque
518 652 704 684 salvationis

294 701 397 733 Fuisti
422 704 457 734 tu
481 700 644 742 indicium,

293 749 396 781 Causa
421 757 455 780 es
479 747 697 788 perfectionis,

290 796 335 829 Ut
360 796 533 827 vitaremus
560 795 682 828 vitium.

231 865 264 896 5.
290 863 351 902 Tu,
376 863 477 903 virgo,
505 861 645 894 fructum
670 861 801 904 faciens,
918 861 974 894 10.

291 910 358 950 Quo
385 911 502 943 erimus
527 910 560 941 in
585 910 711 952 gaudio,

291 959 350 998 Tu,
377 959 477 1001 virgo,
502 957 606 989 Deum
632 958 771 999 pariens,

290 1006 357 1045 Quo
384 1005 501 1037 erimus
526 1005 560 1036 in
584 1005 725 1047 lavacro,

291 1053 336 1085 Es
363 1053 525 1084 inimicum
554 1052 746 1092 deprimens,

290 1101 348 1140 Qui
375 1109 433 1132 nos
459 1100 619 1139 percussit
642 1100 761 1140 gladio.

232 1168 264 1200 6.
293 1167 409 1199 Omnes
436 1170 598 1198 cantemus
624 1165 739 1197 iubiles
918 1165 974 1198 11.

292 1214 509 1254 conceptione
532 1214 676 1253 virginis,

295 1261 408 1294 Cuncti
433 1261 607 1300 psallamus
632 1260 754 1300 vigiles.

292 1309 376 1340 Nam
403 1309 491 1339 venit
515 1308 600 1340 salus
627 1308 772 1349 hominis,

293 1357 400 1396 Ipsam
425 1356 591 1387 laudemus
616 1355 762 1397 humiles,

294 1405 370 1443 Ipsa
396 1403 555 1435 succurrit
581 1403 693 1434 deviis.

225 1471 243 1504 7
258 1500 264 1506 ,
291 1471 370 1502 Fuit
397 1470 429 1502 in
456 1474 487 1501 te
513 1471 646 1510 puritas,
920 1470 976 1503 12.

296 1518 459 1558 Grataque
484 1517 674 1555 sanctitudo,

292 1566 475 1608 Humilitas,
501 1565 678 1605 virginitas,

293 1613 393 1646 Odor.
418 1613 536 1655 lumen,
563 1612 779 1652 pulchritudo,

293 1660 371 1692 Fuit
394 1661 427 1692 in
455 1665 486 1692 te
509 1660 635 1698 caritas,

297 1708 498 1748 Castitasque
523 1707 692 1740 claritudo.

1002 249 1051 281 Tu
1076 247 1216 280 fructum
1241 244 1444 278 salutiferum

1000 296 1255 336 Concipiensque
1279 294 1422 334 pariens,

998 344 1132 385 Fugasti
1156 347 1191 375 tu
1215 340 1430 379 mortiferum,

1000 393 1049 425 Tu
1073 392 1172 424 vitam
1197 390 1290 423 uobis
1314 389 1471 429 tribuens,

999 441 1048 473 Tu
1074 439 1244 472 mediatrix
1272 437 1445 473 hominum,

1000 489 1065 521 Per
1090 492 1123 519 te
1149 488 1287 519 donatur
1311 485 1452 525 requies.

1000 556 1174 589 Laetemur
1199 554 1261 585 hoc
1285 552 1447 593 principio

1000 603 1068 635 Nos
1095 603 1136 635 de
1160 601 1266 634 Maria
1291 600 1427 642 virgine,

999 651 1083 683 Nam
1110 649 1227 682 erimus
1252 649 1285 681 in
1309 648 1437 689 gaudio,

999 699 1044 731 Et
1068 698 1129 730 erit
1154 698 1210 729 lux
1236 697 1269 729 in
1293 696 1430 735 homine,

999 746 1090 778 Haec
1115 745 1247 786 virginis
1273 745 1440 784 conceptio

1002 793 1067 825 Dat
1090 793 1189 825 vitam
1214 792 1307 832 mari,
1334 790 1485 824 feminae.

1001 861 1098 901 Virgo
1124 860 1322 900 pulchraque
1349 859 1478 898 decora,

998 910 1047 941 Tu
1073 907 1140 939 filia
1161 907 1351 945 Ierusalem,

999 956 1045 988 Te
1070 955 1209 987 laudabo
1233 955 1318 986 omni
1345 954 1435 993 hora,

999 1003 1056 1035 Me
1081 1004 1155 1035 iuva
1180 1011 1306 1035 servum
1335 1001 1485 1041 debilem,

1000 1051 1115 1082 Nullus
1140 1051 1235 1082 homo
1261 1050 1304 1082 sit
1327 1049 1362 1081 in
1386 1059 1487 1089 mora,

1001 1098 1063 1130 Sed
1089 1102 1121 1129 te
1147 1098 1266 1130 salutet
1290 1098 1453 1129 humilem.

1000 1165 1049 1197 Tu
1074 1165 1164 1204 quasi
1185 1174 1341 1196 summum
1359 1164 1538 1196 balsamum

1001 1211 1148 1245 Infirmos
1174 1215 1305 1244 cunctos
1330 1212 1486 1252 liberans,

1000 1260 1049 1291 Tu
1074 1260 1216 1291 salutare
1240 1260 1394 1300 optimum

999 1307 1066 1339 Nos
1091 1308 1123 1339 in
1150 1308 1250 1340 odore
1274 1306 1444 1347 fumigans,

1001 1356 1051 1387 Tu
1076 1358 1297 1395 argumentum
1322 1355 1467 1387 validum

1002 1402 1069 1434 Nos
1094 1406 1235 1434 mortuos
1261 1401 1440 1434 vivificans.

1003 1469 1073 1501 Tua
1096 1472 1200 1501 mater
1225 1473 1337 1501 sancta
1361 1471 1456 1501 Anna

1002 1517 1084 1548 Nam
1110 1520 1143 1548 te
1167 1517 1304 1549 Mariam
1331 1517 1469 1560 peperit,

1002 1564 1052 1596 Tu
1077 1573 1110 1596 es
1134 1565 1285 1607 gratiosa,
1311 1574 1436 1605 magna,

1003 1612 1085 1644 Nam
1110 1612 1198 1644 Deus
1224 1612 1284 1644 tibi
1308 1613 1432 1655 tribuit,

1003 1660 1052 1692 Tu
1077 1660 1244 1692 suavitatis
1270 1670 1396 1703 manna,

1003 1707 1047 1740 Et
1073 1708 1214 1740 Ioachim
1239 1710 1273 1740 te
1297 1709 1417 1749 genuit.

296 1763 323 1797 7,
346 1762 360 1791 1
380 1763 441 1791 und
460 1762 478 1791 2
498 1764 589 1791 sowie
608 1761 625 1791 5
646 1763 719 1791 fehlt
739 1764 804 1791 cine
823 1763 916 1791 Silbe.
935 1778 974 1782 —
994 1761 1039 1796 12,
1061 1762 1079 1791 5
1100 1765 1257 1792 suavitatis
1277 1773 1396 1801 magna.

406 1837 456 1868 40.
497 1837 634 1875 Hymnus
656 1837 738 1868 alius
760 1836 798 1868 de
819 1837 1021 1877 conceptione
1043 1836 1180 1869 eiusdem
1201 1838 1350 1879 virginis.

235 1900 266 1931 1.
292 1898 438 1930 Firmata
464 1898 622 1937 sapientia
920 1899 953 1931 3.
978 1898 1062 1930 Nam
1089 1902 1244 1939 concepta
1269 1902 1304 1932 tu
1329 1900 1449 1932 virtute

292 1946 351 1986 Tu,
379 1946 480 1986 virgo,
507 1946 546 1977 ab
571 1946 674 1985 initio,

294 1993 458 2033 Concepta
482 1996 516 2024 tu
544 1993 713 2025 clementia

295 2041 357 2073 Pro
383 2041 523 2081 gentium
549 2041 701 2073 remedio.

294 2089 416 2121 Ornata
440 2094 475 2120 tu
498 2089 681 2129 prudentia,

291 2137 338 2170 Ut
362 2145 447 2168 esses
474 2137 560 2168 salus
586 2137 714 2178 populo.

236 2203 256 2234 2
297 2203 345 2235 Tu
373 2205 483 2235 sancta
508 2202 571 2234 Dei
595 2203 753 2244 genetrix,
925 2205 958 2237 4.

292 2251 341 2283 Tu
369 2259 402 2282 es
428 2260 550 2282 summa.
574 2251 774 2293 imperatrix,

292 2299 353 2339 Tu,
380 2298 481 2339 virgo,
508 2299 600 2339 virga
624 2299 768 2340 virginis,

293 2347 342 2378 Tu
369 2355 402 2378 es
428 2350 540 2379 nostra
565 2347 749 2381 mediatrix.

296 2394 362 2426 Pro
391 2395 464 2426 lesu
490 2395 609 2428 Christi
635 2396 758 2428 meritis

300 2442 349 2475 Tu
374 2442 418 2474 sis
443 2447 554 2475 nostra
577 2443 758 2476 liberatrix.

978 1948 1009 1979 A
1037 1956 1158 1978 summo
1182 1946 1268 1979 trino
1293 1948 1435 1991 veniens,

979 1994 1029 2026 Tu
1055 1998 1209 2034 concepta
1234 2004 1293 2035 pro
1318 1996 1423 2028 salute

979 2042 1029 2073 Tu
1054 2045 1180 2074 nostras
1205 2043 1279 2074 lites
1307 2044 1473 2079 dirimens.

981 2089 1155 2122 Greaturae
1180 2100 1287 2123 sumus
1312 2095 1411 2135 tutae,

980 2137 1126 2170 Salvabit
1149 2148 1208 2170 nos
1233 2140 1448 2180 omnipotens.

986 2204 1062 2237 Sine
1087 2206 1193 2237 carnis
1218 2207 1281 2239 iam
1306 2208 1436 2247 pruritu

985 2253 1034 2284 Tu
1064 2257 1234 2295 creataque
1260 2260 1424 2297 concepta,

984 2300 1130 2333 Firmata
1154 2305 1265 2335 sancto
1290 2303 1417 2343 spiritu,

985 2348 1156 2389 Sapienter
1181 2359 1214 2382 es
1240 2351 1351 2389 electa,

986 2397 1154 2430 Cessamus
1179 2408 1237 2430 nos
1264 2408 1283 2431 a
1308 2401 1438 2443 gemitu,

984 2445 1093 2489 Virgo,
1118 2447 1195 2479 iuva
1218 2456 1276 2479 nos
1302 2447 1458 2488 perfecta.
