1651 2700
731 146 990 181 —226—

216 248 248 279 3.
273 245 348 278 Non
373 245 436 277 erit
460 244 530 276 sine
551 243 707 284 praemio,
897 245 931 276 5.
957 242 1023 275 Vos
1047 243 1080 275 in
1103 243 1172 276 vita
1196 243 1394 284 sempiterna

268 293 333 326 Hic
355 293 409 333 qui
435 292 532 325 corde
555 292 625 324 Deo
650 290 760 334 servit,
957 290 1047 323 Est-is
1071 299 1151 323 vere
1175 290 1330 331 coronati,

270 341 309 374 In
333 340 395 373 Dei
419 342 528 373 manet
550 339 681 380 gremio,
955 338 1135 372 Possidetis
1161 341 1274 372 sancta
1297 347 1397 379 regna

268 388 333 420 Hic
356 388 495 420 latenter
518 388 572 429 qui
596 386 770 428 proserpit,
955 387 1000 419 Et
1024 387 1067 419 ad
1091 387 1266 428 prandium
1289 387 1407 427 vocati,

267 435 458 468 Laetabitur
481 435 515 467 in
542 435 658 476 gaudio
955 435 1057 467 Vobis
1081 435 1169 467 lucet
1192 435 1248 467 lux
1273 438 1415 475 aeterna,

268 484 386 522 Bonus,
413 483 467 515 hic
491 483 545 523 qui
570 483 652 515 bene
676 482 788 516 cernit.
954 483 1044 515 Estis
1069 483 1143 515 luce
1166 483 1343 516 iucundati.

211 590 244 621 4.
269 589 384 631 Homo,
409 588 464 620 hic
488 588 541 628 qui
565 597 629 620 non
653 587 790 628 laborat,
898 588 930 620 6.
955 588 1124 620 Habuistis
1149 588 1359 628 intellectum,

269 636 392 676 Dignus
418 638 476 676 cst,
501 639 539 667 ut
561 645 625 667 non
642 635 822 675 manducet,
954 636 1002 670 Ut
1026 645 1083 668 vos
1108 635 1212 668 Deum
1235 636 1401 676 amarem,

266 684 312 716 Et
336 684 377 715 ad
401 684 505 716 Deum
530 683 585 723 qni
608 692 671 715 non
697 685 778 723 orat,
955 683 1145 723 Reliquistis
1169 692 1226 715 vos
1251 684 1423 727 desertum,

269 731 368 763 Nulla
387 731 490 762 virtus
517 731 580 762 sibi
604 731 700 768 lucet,
957 731 1004 765 Ut
1027 734 1157 763 terrena
1180 731 1345 772 laxaretis‚

268 779 312 811 Et
337 778 391 818 qui
416 778 519 810 Deum
543 787 606 810 non
630 779 792 820 implorat,
955 778 1112 812 voluistis
1138 788 1193 811 vos
1219 778 1375 821 effectum,

272 826 355 858 Eum
380 825 467 857 Deus
491 835 555 858 non
581 826 746 859 conducet.
955 827 1003 860 Ut
1026 835 1082 858 vos
1105 826 1210 858 Deum
1235 827 1400 860 videretis.

275 918 302 953 ὃ,
324 918 340 947 6
361 920 408 947 his
429 921 480 956 qui
500 920 582 948 bene.

636 1068 684 1099 64.
723 1068 860 1108 Hymnus
883 1068 920 1100 de
941 1069 1066 1101 eisdem.

211 1169 243 1201 1.
269 1167 353 1208 Quid
376 1166 530 1199 faciamus
555 1164 642 1210 (nos)
667 1165 787 1206 miseri,
894 1169 928 1201 4.
955 1168 1145 1209 Centuplum
1171 1169 1366 1209 accipientes

270 1215 337 1247 Nos
363 1214 497 1246 terrenis
521 1214 667 1255 involuti,
955 1216 1027 1259 Vos,
1053 1216 1158 1248 sancti
1182 1217 1236 1257 qui
1259 1213 1346 1261 [hic]
1372 1216 1489 1259 fuistis,

269 1262 315 1294 Et
338 1260 471 1294 fecimus
495 1271 553 1293 nos
577 1262 687 1293 miseri
951 1264 1095 1304 Regnum
1120 1268 1265 1296 sanctum
1290 1274 1347 1297 vos
1372 1264 1498 1297 habetis

270 1311 361 1342 Inter
384 1318 436 1341 res
460 1309 636 1341 mundanas
661 1307 745 1340 luti?
951 1311 995 1343 Et
1019 1321 1078 1351 pro
1104 1311 1164 1352 his,
1189 1321 1272 1352 quae
1296 1321 1352 1344 vos
1375 1311 1508 1356 fecistis,

270 1357 339 1388 Nos
365 1365 584 1396 comparamur
608 1356 724 1398 anseri,
951 1358 996 1390 Et
1009 1359 1052 1392 „in
1079 1360 1167 1391 caelo
1190 1369 1247 1391 vos
1273 1361 1420 1402 manetis,

269 1405 360 1437 Vana
382 1413 489 1435 sumus
514 1414 572 1437 nos
596 1404 704 1438 locuti.
951 1406 1032 1446 Quia
1055 1416 1139 1439 vana
1165 1407 1369 1449 despexistis.

213 1512 245 1544 2.
274 1510 356 1550 Quid
381 1511 516 1550 prodest
541 1519 614 1551 ergo
639 1511 760 1543 homini
894 1513 926 1545 5.
951 1513 1049 1553 Digni
1075 1513 1151 1545 estis
1178 1515 1395 1546 commendari

270 1558 304 1590 Si
315 1554 426 1602 [hunc]
438 1557 823 1591 mundumhiclucretur?
950 1560 995 1592 Et
1019 1570 1075 1593 vos
1100 1560 1253 1594 honorem
1276 1562 1436 1603 consequi,

271 1605 305 1637 Si
329 1614 391 1637 non
418 1609 467 1637 est
491 1614 601 1638 servus
626 1606 765 1647 Domini,
950 1608 1050 1648 Digni
1075 1609 1151 1640 estis
1174 1610 1346 1650 munerari,

266 1653 331 1685 Hic
354 1662 374 1685 a
397 1653 466 1685 Deo
493 1653 667 1696 deseretur,
951 1655 1023 1688 Non
1049 1659 1157 1695 potest
1182 1666 1236 1689 vos
1258 1658 1329 1698 quis
1346 1657 1507 1699 persequi,

270 1700 363 1733 Salus
389 1701 536 1733 tradatur
561 1701 683 1741 semini,
951 1703 1049 1743 Digni
1074 1705 1151 1736 estis
1175 1714 1232 1737 vos
1258 1705 1371 1746 amari,

270 1748 327 1780 Cui
351 1748 439 1780 Deus
462 1749 516 1780 hic
542 1749 699 1789 dignetur.
951 1750 1019 1783 Nos
1044 1761 1100 1784 vos
1128 1752 1279 1785 debemus
1304 1754 1467 1794 prosequi.

212 1856 243 1888 3.
269 1855 332 1886 Per
355 1854 440 1886 bona
464 1856 654 1895 temporalia
894 1859 925 1892 6.
952 1857 1076 1890 Lumen
1100 1862 1266 1892 aeternum
1291 1861 1408 1902 luceat⁷

268 1901 342 1933 Non
366 1904 497 1934 aeterna
522 1903 729 1946 dimittamus,
952 1905 1003 1938 Sit
1025 1915 1152 1946 semper
1177 1908 1268 1940 vobis
1293 1909 1432 1951 requies,

270 1949 462 1988 Quaeramus
487 1959 545 1982 nos
571 1952 722 1984 caelestia
951 1953 1114 1994 Vobisque
1139 1956 1262 1988 cunctis
1287 1955 1410 1997 fulgeat

268 1995 315 2027 Et
337 1999 466 2028 terrena
491 1998 721 2041 dispernamus,
954 2001 1075 2035 Christi
1098 2003 1310 2043 resplendens
1337 2004 1447 2046 facies,

272 2043 399 2076 Caduca
421 2048 497 2077 sunt
522 2048 698 2089 terrestria,
952 2050 1164 2083 Peccantibus
1185 2051 1353 2093 indulgeat

269 2091 336 2124 Nos
360 2092 394 2124 in
420 2094 542 2126 caelum
567 2096 787 2128 ascendamus.
952 2097 1073 2129 Nostra
1095 2100 1240 2132 salvetur
1264 2101 1361 2134 acies.

551 2201 581 2233 7.
607 2200 723 2232 Velitis
747 2201 951 2235 intercedere

607 2248 652 2280 Et
677 2249 719 2281 ad
743 2249 847 2282 Deum
873 2259 1016 2294 exorare,

607 2296 767 2337 Dignetur
791 2308 849 2331 nos
875 2299 1014 2340 dirigere

608 2344 654 2377 Et
678 2355 698 2377 a
721 2346 814 2379 malis
838 2356 897 2379 nos
923 2349 1087 2394 mundare,

608 2393 773 2426 Possimus
798 2395 840 2427 ad
865 2404 922 2428 vos
947 2405 1082 2438 pergere

607 2441 652 2473 Et
677 2442 719 2474 ad
745 2443 867 2475 caelum
891 2453 1044 2478 remeare.
