1651 2700
722 149 975 185 —142-

212 248 243 280 3.
268 248 349 288 Ave,
376 246 591 288 paenitentiae
894 248 927 280 4.
954 247 1034 290 Ave,
1062 255 1143 287 quae
1167 245 1342 286 angelicam

318 294 394 327 Cum
421 294 518 326 sumis
543 294 692 332 lamenta,
1002 294 1107 326 Vitam
1132 292 1198 325 fers
1224 293 1257 324 in
1281 293 1412 334 mundo,

270 342 398 375 Cunctis
423 342 465 374 ad
490 350 579 382 spem
606 341 727 382 veniae,
957 342 1060 375 Vitam
1088 341 1284 373 eremiticam

315 391 382 423 Das
407 390 624 430 incitamenta,
1000 390 1085 422 Dum
1111 388 1176 420 fers
1203 389 1303 420 corde
1327 388 1457 430 mundo,

270 438 340 469 Tua
363 446 460 477 prece
484 437 605 478 gratiae
954 438 1007 470 Ad
1034 442 1066 470 te
1089 439 1155 469 tam
1180 435 1382 477 magnificam

319 484 439 518 Confer
463 483 660 527 fulcimenta,
1002 485 1120 517 Preces
1145 484 1215 524 pias
1241 482 1352 523 fundo,

271 532 353 564 Nam
380 533 421 565 ad
447 536 565 565 sortem
591 533 712 573 gloriae
954 533 1007 565 Ad
1031 533 1128 565 vitam
1156 540 1206 563 me
1232 532 1384 563 caelicam

316 580 392 612 Mea
414 589 502 612 mens
528 583 577 612 est,
601 581 698 614 lenta.
1003 580 1075 612 Duc
1100 580 1140 612 de
1166 580 1280 619 culpae
1304 578 1415 614 fundo.

595 658 626 689 5.
652 658 734 697 Ave,
762 665 842 696 quae
867 656 908 688 ad
933 656 1050 696 gaudia

698 704 847 735 Festinas
873 707 1065 745 sanctorum,

651 751 734 783 Nam
760 751 800 783 ad
828 751 1037 783 contubernia

698 798 804 838 Digne
828 799 945 830 transis
971 799 1094 841 horum,

650 846 719 877 Tua
744 854 804 885 per
829 845 979 886 suffragia

702 894 740 925 In
766 901 863 933 regno
888 893 1046 924 caelorum

653 939 793 972 sabbato
819 948 869 971 me
894 940 981 972 socia

700 988 817 1019 Tecum
844 987 1061 1021 sabbatorum.

278 1052 304 1079 A
319 1052 369 1080 fol.
392 1050 461 1080 1312.

592 1145 638 1176 62.
679 1145 722 1176 De
742 1153 766 1176 s.
788 1145 889 1176 Maria
914 1145 1108 1186 Magdalena.

234 1248 241 1256 .
265 1224 346 1263 Ave,
374 1224 453 1256 clari
477 1224 602 1264 generis
895 1228 925 1259 3.
952 1226 1032 1269 Ave,
1061 1229 1094 1258 te
1120 1227 1308 1258 clementiae

315 1271 427 1303 Dulcis
451 1272 654 1315 Magdalena,
998 1274 1058 1306 Dei
1088 1274 1222 1306 mundat
1246 1283 1368 1315 norma,

268 1318 419 1351 Universi
443 1319 573 1350 sceleris
954 1321 1041 1360 Quae
1065 1330 1098 1352 es
1123 1322 1339 1361 paenitentiae

316 1367 401 1406 Quae
425 1365 514 1398 fuisti
540 1367 643 1407 plena,
1001 1369 1170 1409 Speculum
1197 1372 1227 1400 et
1251 1368 1366 1409 forma,

270 1413 450 1445 Illustravit
474 1414 590 1446 sideris
953 1416 1009 1448 Me
1034 1417 1258 1449 oboedientiae

315 1461 362 1492 Te
388 1461 533 1493 caelestis
558 1470 649 1504 vena,
1001 1463 1139 1496 Divinae
1164 1463 1306 1496 reforma

269 1507 423 1539 Fructum
449 1509 535 1540 vitae
560 1508 700 1541 foederis
954 1511 999 1543 Et
1023 1512 1265 1544 benevolentiae

316 1555 476 1597 Degustas
501 1565 642 1589 amoena.
1004 1559 1109 1599 Ipsius
1136 1558 1311 1593 conforma.

237 1656 244 1664 .
268 1632 350 1668 Ave,
377 1641 458 1672 quae
483 1633 629 1665 convivia
894 1636 927 1667 4.
953 1635 1033 1675 Ave,
1062 1645 1143 1676 quae
1166 1636 1230 1668 iam
1256 1636 1374 1677 pabulo

313 1679 407 1711 Felix
433 1680 582 1724 introisti,
1005 1683 1095 1715 Vitae
1118 1684 1258 1723 regionis

266 1727 333 1760 Ub1
356 1727 462 1759 Iesum
489 1728 580 1768 copia
952 1729 1096 1770 Frueris,
1123 1741 1142 1763 a
1166 1732 1282 1771 poculo

312 1774 453 1807 Balsami
477 1776 606 1819 unxisti,
999 1779 1054 1811 Me
1077 1788 1162 1811 nune
1186 1777 1366 1819 Babylonis

267 1822 370 1853 Pedes
396 1822 594 1855 abundantia
953 1825 1049 1859 Salva
1075 1829 1107 1858 et
1131 1837 1151 1859 a
1175 1827 1304 1859 vinculo

312 1869 480 1901 Lacrimae
503 1871 620 1914 lavisti,
1001 1874 1096 1907 Educ
1120 1875 1308 1915 Pharaonis,

266 1916 349 1955 Quos
376 1917 472 1949 crinis
499 1918 646 1950 decentia
953 1921 1004 1953 Ne
1028 1923 1152 1962 plectar
1176 1922 1335 1954 venabulo

312 1963 465 1997 Osculans
490 1966 621 2000 tersisti.
1000 1969 1100 2001 Dirae
1124 1970 1266 2004 ultionis.

598 2044 628 2075 5.
655 2044 735 2086 Ave,
763 2052 781 2075 o
809 2044 967 2085 discipula

702 2091 822 2123 Christi
846 2093 1070 2137 redemptoris,

650 2139 767 2171 Funda
791 2141 1034 2180 propugnacula

698 2187 781 2219 Boni
804 2187 839 2219 in
865 2196 916 2219 me
937 2189 1034 2220 moris

652 2234 697 2266 Et,
722 2235 764 2266 ad
790 2233 910 2267 fontem
935 2237 1065 2269 stimula

700 2282 755 2314 Me
780 2282 844 2315 Dei
868 2284 996 2326 amoris,

653 2330 699 2363 Ut,
723 2330 828 2363 vivam
854 2340 914 2372 per
936 2333 1064 2364 saecula

699 2378 738 2410 In
764 2387 862 2418 regno
889 2380 1024 2413 decoris.

269 2441 296 2468 A
316 2441 366 2469 fol.
387 2440 475 2470 2482.
496 2458 535 2462 —
555 2443 613 2471 cfr.
632 2443 717 2472 Anal.
738 2444 792 2478 111,
816 2443 869 2473 197
890 2454 933 2482 sq.
