1651 2700
698 147 955 182 —166—

335 249 433 281 Flere
455 248 539 288 volo,
563 245 691 278 flentem
716 254 766 277 me
792 245 897 277 cuncti
923 242 1076 284 plangite,
1101 242 1236 272 mortem

381 297 475 330 Hanc
499 295 573 335 quia
596 303 682 327 mors
708 293 851 334 sequitur
876 292 988 334 altera,
1014 288 1093 321 flere
1118 288 1200 321 volo.

254 347 309 378 25.
335 345 434 378 Flere
456 344 539 383 volo,
565 343 644 374 nihil
671 345 729 382 est,
754 342 788 373 iu
814 349 874 381 quo
899 338 1047 371 moriaris
1074 340 1104 368 et
1129 345 1150 368 a
1173 344 1245 377 quo,

383 392 407 425 O
433 392 518 423 mala
542 400 636 433 mors,
663 390 764 431 peior,
790 389 939 429 pessima,
964 385 1043 418 fiere
1067 385 1149 417 volo.

334 441 432 474 Flere
453 439 534 478 volo,
561 438 621 470 tibi
644 448 706 471 non
733 437 838 477 parcit
861 444 956 478 mors,
983 442 1079 473 aegra
1103 433 1243 470 senecta,

380 487 498 528 Teque,
523 487 661 528 iuventa,
688 485 775 525 rapit
798 483 924 523 florida,
949 481 1029 514 flere
1053 481 1135 513 volo.

333 535 431 567 Flere
453 535 536 574 volo,
563 532 666 565 forma
690 535 775 565 totus
799 532 886 572 perit
908 530 1073 571 Absalom,
1102 535 1191 566 ecce;

255 584 310 617 30.
383 582 465 622 Quid
490 582 624 621 prodest
646 580 768 613 formae
792 579 919 620 gratia?
943 577 1022 609 flere
1045 576 1129 609 volo.

335 631 433 663 Flere
456 630 538 671 volo,
564 629 662 660 robur
687 637 744 660 cur
768 628 874 667 diligo,
902 635 972 658 cum
998 628 1062 664 tua,
1090 623 1234 663 Samson,

383 677 524 709 Desierit
546 677 648 708 virtus
672 673 805 708 vivida?
829 673 908 706 flere
934 673 1012 705 volo.

335 725 433 757 Flere
455 725 539 764 volo,
566 724 797 756 coniunxerunt
820 722 931 754 mortis
957 721 1031 761 quia
1058 719 1129 751 dira

385 772 528 812 Augusto
555 771 704 803 Croesum
730 770 867 812 vincula,
893 768 971 800 flere
995 768 1077 800 volo.

257 821 312 854 35.
337 820 435 852 Flere
459 819 541 861 volo,
569 818 732 850 Socratem
757 817 914 857 sapientia
938 824 998 847 nec
1023 815 1223 847 Salomonem

384 867 453 899 Nec
476 866 629 899 Flaccum
655 866 782 898 salvant
804 864 952 906 carmina,
978 862 1058 895 flere
1082 862 1164 894 volo.

337 914 434 946 Flere
458 914 541 955 volo,
567 913 652 953 quod
676 913 883 945 Aristotelem
910 920 995 942 mors
1019 918 1108 941 more
1132 908 1296 948 sophistae

384 961 546 993 Monstrat
569 961 689 992 habere
716 961 777 992 duo
804 968 931 998 cornua,
957 957 1035 989 flere
1059 957 1142 989 volo.

339 1010 436 1042 Flere
460 1008 542 1048 volo,
569 1008 643 1048 quia
666 1017 730 1040 non
754 1017 774 1039 a
797 1010 901 1039 morte
923 1006 998 1039 tulit
1022 1004 1192 1044 medicina,

257 1057 312 1089 40.
388 1056 411 1088 O
440 1055 573 1088 Galiene
596 1064 703 1098 sagax,
730 1058 763 1086 te
783 1058 851 1095 tua,
875 1052 954 1085 flere
977 1054 1060 1086 volo.

338 1103 436 1135 Flere
461 1103 543 1143 volo,
569 1103 716 1142 quoniam
744 1102 898 1134 conclusit
922 1101 1044 1132 scibilis
1070 1099 1170 1131 omnis

385 1150 518 1182 Doctori
542 1149 683 1182 breviter
707 1158 792 1181 mors
817 1148 897 1188 fera,
922 1146 1001 1179 flere
1023 1148 1108 1180 volo.

340 1197 437 1229 Flere
461 1198 544 1236 volo,
569 1198 705 1229 moritur
729 1197 893 1238 popularis
915 1195 1066 1227 nobiliori

384 1246 532 1286 Iunctus3
560 1254 622 1284 qua
646 1244 757 1276 sorte?
782 1244 907 1282 nesci03
933 1241 1012 1274 flere
1035 1242 1119 1274 volo.

258 1294 315 1325 45.
340 1292 438 1324 Flere
460 1292 544 1333 volo,
569 1292 722 1323 morimur
746 1300 864 1333 omnes,
888 1291 1058 1330 nullusque
1082 1292 1258 1331 superstes,

387 1339 449 1380 En,
474 1342 590 1378 manet,
616 1342 730 1379 aequat
751 1348 835 1370 mors
860 1339 975 1381 omnia,
1001 1336 1078 1369 flere
1102 1337 1185 1369 volo.

339 1387 436 1419 Flere
463 1387 543 1428 volo,
571 1387 647 1426 quid
673 1386 785 1428 honor,
812 1386 889 1425 quid
912 1385 1013 1425 gloria
1039 1385 1157 1425 quidve
1180 1385 1336 1424 potestas,

387 1434 469 1472 Quid
494 1435 629 1473 prodest
652 1434 720 1466 vita
743 1432 924 1473 naufraga?
949 1431 1027 1464 fiere
1055 1433 1137 1464 volo.

340 1480 437 1513 Flere
461 1481 543 1521 volo,
570 1481 724 1521 reprobos
750 1482 893 1521 sequitur
920 1480 1078 1512 conclusio
1106 1480 1234 1522 duplex,

259 1529 317 1562 50.
395 1529 545 1568 Corporis
571 1537 609 1560 ac
631 1529 756 1560 animae
780 1538 876 1568 mors,
904 1537 960 1569 ego
985 1526 1064 1559 fiere
1088 1528 1170 1559 volo.

254 1613 278 1640 B
304 1613 353 1640 fol.
375 1610 431 1640 212
440 1621 465 1640 a.
486 1629 523 1632 —
546 1613 568 1640 C
587 1613 637 1640 fol.
659 1611 748 1640 204a.
769 1629 807 1633 —
828 1613 941 1640 Collect
959 1621 1012 1640 ms.
1035 1612 1264 1648 Campoliliense
1284 1620 1360 1639 saec.
1384 1610 1428 1639 14.
1449 1612 1491 1638 in.

177 1649 245 1678 Ood.
269 1650 471 1687 Oampolilien.
491 1649 537 1678 40.
561 1651 598 1678 E.
612 1665 649 1670 —
663 1652 697 1678 In
719 1651 745 1678 Ε
765 1659 812 1678 am
833 1651 972 1679 Schlusse
991 1659 1051 1678 von
1072 1651 1194 1678 andei-er
1213 1650 1303 1678 Hand
1322 1649 1491 1687 beigefiigt:

401 1718 460 1745 Det
479 1718 566 1746 Deus
588 1720 622 1745 ut
641 1726 755 1754 semper
773 1718 895 1745 fleamus
916 1720 1019 1746 nostra
1037 1718 1134 1745 flere
1153 1718 1257 1752 volo,

400 1756 535 1790 Peccata,
557 1758 679 1783 mortem
701 1755 885 1791 Christi—nos
905 1756 976 1784 fiere
996 1756 1143 1784 debemus.

416 1886 441 1916 5.
482 1885 681 1926 Apostropha
702 1886 826 1918 animae
846 1886 1030 1927 plangentis
1052 1886 1091 1918 ad
1112 1895 1248 1919 carnem.

578 1967 789 2000 Versibus
814 1968 1084 2002 ludentibus,

387 2052 513 2085 Christo
540 2052 712 2094 decrescis,
739 2053 856 2085 crescis
883 2054 1032 2094 Satanae,
1060 2063 1134 2086 caro
1162 2063 1281 2098 crassa,

387 2102 471 2132 Assa
494 2109 601 2140 gemes
625 2101 778 2141 lacrimis,
804 2101 876 2132 imis
902 2101 1070 2145 dicabere3
1096 2102 1205 2134 nosti?

386 2147 482 2180 Hosti
507 2148 665 2192 subderis,
694 2150 757 2181 eris
784 2151 816 2181 et
841 2149 940 2190 cibus,
967 2150 1108 2187 hercule,
1133 2151 1230 2186 tristi.

385 2196 445 2227 Isti
471 2204 527 2227 cur
551 2195 671 2236 pares?
698 2206 769 2229 ares
796 2198 925 2237 captiva
950 2197 1096 2230 barathri

329 2244 360 2275 5.
385 2244 469 2284 Atri,
497 2243 654 2284 pestifera
679 2243 758 2285 fera,
785 2245 862 2285 quid
888 2246 984 2287 ludiS,
1011 2255 1096 2287 caro,
1123 2247 1237 2279 mortis

383 2290 521 2323 Hortis?
547 2293 682 2336 servilis,
709 2293 784 2325 vilis
810 2292 891 2335 fera,
917 2294 1008 2336 proh,
1036 2294 1106 2326 sine
1130 2304 1234 2327 messe

384 2339 466 2371 Esse
490 2340 550 2371 tibi
575 2341 698 2383 pangis,
726 2341 816 2382 angis
840 2344 884 2383 te,
910 2342 1027 2383 nescio,
1055 2351 1163 2382 quare.

386 2387 418 2419 A
442 2396 478 2419 re
503 2391 567 2421 tam
594 2387 683 2421 fatua
708 2391 764 2421 tua
788 2389 832 2420 sit
854 2388 940 2430 fuga,
967 2390 1067 2430 gratis
1093 2390 1235 2434 oberras,

384 2434 496 2475 Erras,
524 2436 601 2476 quid
626 2440 765 2469 maestus
791 2440 898 2469 aestus
923 2436 1007 2469 tibi?
1032 2440 1066 2470 te
1090 2438 1152 2470 nisi
1176 2439 1280 2481 punit,
