1651 2700
700 154 935 189 -95-

211 245 236 273 B
257 245 308 273 fol.
333 244 420 275 168a.
442 262 479 267 —
500 247 585 276 Aueh
605 249 654 276 in:
673 249 757 276 Miss.
780 258 835 277 ms.
855 250 1029 279 Mellicense
1050 260 1127 279 saec.
1151 249 1195 279 14.
1228 252 1299 280 Cod.
1319 253 1470 281 Mellicen.

134 279 218 311 1057.
243 298 282 302 —
301 285 425 314 Missale
445 286 626 315 Patavieuse
647 288 719 323 imp.
742 288 879 315 Viennae
901 286 984 317 1503.
1007 304 1043 309 —
1071 290 1158 318 Mel.:
1187 290 1469 319 Laetabundus.

132 321 186 349 Als
206 323 277 350 Tro
289 332 358 360 pus
380 333 469 361 super
489 325 621 353 Alleluia
641 325 714 361 geht
734 327 767 354 in
795 327 820 354 B
843 335 969 354 voraus:

599 393 714 421 Nostra
733 392 800 421 dele
822 394 897 421 vitia

639 431 782 459 Precibus
805 432 954 469 benignis,

600 469 816 504 Cholomame,
839 472 945 507 gratia,

638 508 663 536 Ο
682 511 796 544 martyr
816 510 954 546 insignis,

598 546 768 583 Regnemus
792 548 825 574 in
845 547 943 584 gloria

636 585 679 613 Ut
699 593 767 612 cum
787 586 851 613 Deo
872 586 982 622 dignis.

584 706 611 737 7.
652 706 696 737 De
717 707 828 738 sancta
848 707 1017 739 Dorothea.

140 791 199 825 la.
227 793 334 835 Stetit,
361 793 444 837 Iesu,
473 804 532 834 pro
558 798 600 836 te,
628 795 720 837 bone,
836 797 894 831 1b.
922 798 1030 830 Vomit
1053 798 1086 830 in
1113 798 1197 831 hanc
1219 807 1349 839 praeses
1378 799 1466 832 dirus

225 842 392 874 Dorothea
416 842 449 874 in
476 852 586 886 agone,
919 846 1080 878 Durarum
1107 847 1266 879 minarum
1292 846 1390 890 virus,

227 889 292 929 Spe
316 890 477 922 mercedis
504 894 536 922 et
562 901 700 924 coronae
918 894 1014 927 Risus
1038 894 1141 934 ipsam
1169 895 1266 926 comit
1290 895 1389 927 mirus

273 937 328 970 Ad
354 941 489 970 mortem
515 939 700 973 oboediens.
965 942 1062 974 Illum
1088 943 1161 982 plus
1189 943 1340 975 deiciens.

141 1024 203 1056 2a.
232 1023 392 1064 Sponsum
419 1034 522 1067 suum,
553 1035 630 1058 suae
654 1027 771 1059 mentis
839 1027 899 1061 2b.
926 1029 1044 1060 Mortis
1072 1029 1158 1061 ridet
1185 1029 1218 1060 in
1244 1031 1378 1072 tortura,

229 1071 364 1113 Lumen,
391 1073 498 1105 Iesum
525 1073 557 1105 in
580 1075 749 1107 tormentis
927 1076 1040 1109 Caelos
1067 1077 1161 1108 ardet
1186 1081 1294 1108 mente
1319 1086 1410 1116 pura,

228 1119 376 1151 Laudum
403 1121 481 1153 colit
505 1121 714 1154 incrementis
927 1123 1028 1155 Nulla
1053 1124 1163 1156 mundi
1192 1123 1254 1156 sibi
1281 1133 1367 1164 cura,

276 1166 396 1199 Sitiens
421 1169 624 1210 martyrium.
973 1171 1120 1203 Horrens
1145 1172 1208 1203 hoc
1235 1172 1393 1205 exsilium.

137 1254 200 1286 3a.
228 1253 404 1298 Dorothea‚
434 1255 596 1288 decollata
838 1257 899 1290 3b.
928 1258 996 1290 Nos
1022 1258 1065 1290 ad
1091 1260 1216 1290 tantum
1244 1259 1306 1290 duc
1323 1259 1467 1291 solamen

226 1302 280 1334 Ad
307 1302 455 1344 polorum
482 1303 623 1344 migrans
650 1307 746 1345 prata
925 1306 1029 1337 Tuum
1055 1304 1134 1338 felix
1160 1315 1221 1346 per
1247 1306 1408 1348 iuvamen‚

227 1350 314 1382 Lilia
340 1359 409 1382 cum
437 1351 519 1383 rosis
545 1355 638 1393 grata
923 1353 1043 1386 Tecum
1068 1358 1106 1386 ut
1130 1354 1308 1394 psallamus
1335 1355 1440 1387 Amen

275 1398 407 1439 Colligis
435 1407 506 1431 eum
532 1400 660 1440 gaudio.
972 1402 1088 1435 Cordis
1115 1411 1185 1434 cum
1212 1403 1367 1442 tripudio.

203 1483 228 1510 B
259 1483 309 1511 fol.
336 1481 425 1512 17210.
447 1499 485 1504 —
506 1485 591 1513 Mel.:
618 1486 777 1514 Verbum
800 1487 943 1514 bonum.
965 1501 1004 1506 —
1022 1488 1140 1516 Voraus
1162 1487 1233 1524 geht
1253 1488 1298 1516 als
1318 1488 1463 1524 Tropus

126 1530 215 1558 super
236 1521 384 1550 Alleluia:

592 1592 722 1629 Fulgens
743 1594 775 1620 iu
797 1594 924 1621 ecclesia

634 1632 751 1659 Meritis
775 1634 805 1659 et
825 1633 928 1668 signis,-

591 1669 754 1705 Dorothea,
775 1672 873 1707 gratia

630 1708 716 1736 Felix
737 1711 767 1736 et
786 1710 914 1746 insignis

593 1747 704 1775 Nostra
724 1747 790 1775 dele
810 1748 888 1775 vitia

630 1786 770 1814 Precibus
791 1787 939 1822 benignis.

586 1908 613 1939 8.
655 1909 698 1940 De
719 1910 828 1941 sancto
849 1909 991 1941 Erasmo.

131 1996 193 2029 la.
219 1997 362 2038 Caelum,
387 1998 503 2039 gaude,
834 2000 891 2036 1b.
920 2001 996 2033 Pari
1021 2001 1129 2042 laude,

218 2045 349 2078 Erasmi
376 2047 507 2079 novella
530 2047 629 2080 laude
919 2049 945 2082 Ο
971 2052 1060 2082 terra
1084 2050 1214 2088 tenella,
1241 2050 1371 2092 plaude,

268 2094 356 2127 Cane
380 2093 479 2138 festa,
969 2097 1096 2131 Cedant
1120 2102 1252 2130 maesta.

128 2181 189 2213 2a.
218 2180 375 2213 Erasmus
401 2180 564 2214 industria
831 2185 891 2218 2b.
919 2185 1046 2217 Ibidem
1074 2185 1260 2217 caelestium

217 2228 326 2261 Subiit
350 2229 482 2263 silentia
917 2232 1041 2265 Meruit
1067 2233 1261 2273 colloquium

264 2277 472 2318 Eremorum3
963 2281 1172 2322 Angelorum.

128 2365 189 2398 3a.
216 2364 362 2397 Tandem
389 2364 498 2407 flagris
526 2366 674 2399 caeditur
829 2367 887 2401 3b.
916 2368 1107 2408 Respondet
1129 2368 1294 2410 intrepide

218 2412 279 2444 Dei
305 2415 406 2456 pugil,
434 2415 562 2447 sistitur
917 2416 975 2448 Vir
1000 2419 1130 2449 sanctus
1157 2420 1189 2449 et
1214 2417 1324 2458 lepide

264 2462 435 2495 Tribunali
447 2472 456 2506 ;
964 2465 1096 2506 Expers
1122 2466 1210 2499 mali.
