1651 2700
676 144 941 183 —209—

154 238 188 272 9.
213 237 320 270 Iudex
343 241 381 272 tu
404 240 572 283 terribilis,

213 286 356 327 Montes,
383 289 486 321 valles
513 288 686 330 conspicis,

214 334 390 376 Fortisque
416 339 452 369 tu
477 336 619 377 humilis,

212 383 263 414 Tu
287 387 461 423 peccantes
487 384 633 427 respicis,

216 430 323 473 Supra
347 432 500 465 thronum
526 432 657 473 nobilis,

214 479 263 511 Tu
289 478 403 513 fideles
429 480 547 515 reficis.

855 245 912 279 10.
938 244 989 277 Tu
1013 243 1107 277 nobis
1133 253 1167 277 es
1191 245 1324 278 lucerna

936 292 982 325 Et
1006 302 1098 326 amor
1122 293 1278 333 caritatis,

936 340 987 372 Tu
1010 340 1107 381 salus,
1133 341 1190 373 lux
1216 344 1358 383 aeterna,

935 388 986 420 Tu
1010 392 1125 421 auctor
1148 389 1308 432 veritatis,

937 435 1088 468 Potentia
1111 446 1263 479 superna,

937 483 1007 522 Qua
1031 492 1089 515 nos
1115 485 1278 517 salvamur
1301 486 1414 526 gratis.

578 564 627 596 35.
667 564 782 597 Dicunt
801 565 944 598 homines
965 566 1037 597 Deo.

155 623 186 656 1.
213 623 263 655 Tu
288 624 428 664 medela,
455 625 588 669 sanitas,

211 670 343 704 Efficax
368 672 474 714 tuitio,

211 719 263 752 Tu
290 729 323 752 es
348 729 450 763 amor,
478 721 607 762 caritas,

213 766 360 801 Salubris
386 769 565 810 subventio,

213 815 264 848 Tu
289 816 413 849 viarum
442 818 585 860 claritas,

213 865 333 904 Populi
356 865 550 907 redemptio.

154 922 187 954 2.
216 922 266 954 Tu
291 926 427 962 peccata
451 923 588 956 abstulis

212 970 335 1002 Pacem
360 971 453 1003 nobis
480 970 660 1015 conferens,

212 1017 335 1050 Escam
361 1019 484 1051 cunctis
511 1020 638 1063 tribuis,

212 1065 264 1097 Tu
288 1065 452 1106 perfectos
479 1067 628 1109 diligens,

211 1111 387 1146 Virtuosos
414 1115 527 1155 dirigis

211 1161 332 1204 Vitam,
358 1162 465 1194 lucem
490 1161 647 1197 referenS.

150 1220 183 1253 3.
209 1218 278 1251 Nos
303 1218 365 1251 tibi
388 1219 610 1260 supplicamus

208 1266 386 1299 Humiliter
409 1271 571 1307 petentes,

209 1315 256 1347 Te
281 1315 387 1347 Deum
412 1324 582 1348 exoramus

207 1362 336 1395 Devote
360 1373 419 1396 nos
445 1367 626 1407 precantes,

209 1411 257 1443 Te
281 1411 386 1444 Deum
411 1421 470 1444 nos
496 1422 657 1453 rogamus,

208 1459 277 1492 Nos
303 1459 405 1492 facias
430 1460 601 1494 laetantes.

145 1518 178 1552 4.
206 1517 302 1550 Dona
326 1518 446 1550 nostris
472 1518 633 1551 mentibus

210 1566 371 1599 Virtutem
397 1576 435 1599 ac
458 1567 608 1610 gratiam,

206 1614 302 1646 Dona
326 1614 421 1647 nobis
444 1615 592 1656 gentibus

207 1662 389 1703 Pacemque
415 1663 630 1707 concordiam,

208 1709 269 1742 Pie
294 1719 393 1751 parce
419 1711 577 1752 omnibus,

210 1758 305 1791 Dona
332 1759 456 1791 cunctis
481 1760 619 1794 veniam.

853 629 885 662 5.
912 627 980 660 Nos
1005 627 1067 660 tibi
1092 627 1269 660 referamus

912 675 1040 715 Grates,
1067 676 1192 718 laudes,
1219 677 1350 717 gratias,

910 725 949 757 In
974 727 1007 756 te
1030 733 1089 756 nos
1114 733 1310 767 maneamus,

908 772 976 804 Nos
1001 772 1176 805 reddentes
1202 772 1352 815 decimas,

909 820 950 853 In
976 823 1010 852 te
1034 829 1093 852 nos
1119 820 1325 863 gaudeamus,

910 868 978 900 Nos
1004 867 1176 900 fundentes
1201 869 1364 903 lacrimaS.

849 927 881 959 6.
908 925 992 958 Nam
1016 925 1078 958 tibi
1101 935 1159 958 nos
1185 935 1353 967 peccamus

907 973 954 1006 Et
977 976 1113 1015 peccata
1137 974 1310 1016 noscimus,

908 1021 978 1053 Nos
1002 1021 1063 1053 tibi
1088 1021 1309 1063 supplicamus

908 1068 954 1101 Et
979 1068 1096 1101 affectu
1121 1069 1271 1110 petimus,

908 1116 956 1148 Te
980 1116 1084 1148 Deum
1110 1116 1287 1156 videamus,

907 1163 1005 1203 Quem
1031 1163 1065 1196 in
1091 1164 1190 1196 corde
1214 1164 1365 1205 gerimus.

850 1222 881 1256 7.
907 1221 1122 1262 Dignissimus
1148 1222 1280 1264 honore,

907 1270 1023 1311 Cantu,
1049 1270 1156 1310 laude,
1183 1270 1298 1310 gloria,

905 1316 1056 1350 Defende
1080 1327 1138 1349 nos
1164 1326 1283 1359 amore,

905 1365 1001 1398 Dona
1024 1365 1118 1398 nobis
1143 1366 1271 1408 gaudia,

905 1413 979 1446 Non
1004 1414 1136 1446 damnes
1161 1423 1220 1446 nos
1245 1413 1365 1457 furore,

906 1461 1012 1495 Simus
1035 1461 1070 1494 in
1096 1462 1278 1496 clementia.

845 1520 878 1555 8.
903 1519 992 1552 Deus
1017 1529 1076 1552 nos
1102 1520 1285 1562 intellegas,

904 1568 972 1600 Nos
997 1576 1180 1611 peccamus,
1207 1568 1355 1608 Domine,

903 1616 1015 1650 Habes
1041 1625 1151 1649 omnes
1177 1617 1308 1659 gratias,

904 1665 1023 1697 Plenus
1050 1673 1083 1696 es
1110 1665 1309 1705 clementiae,

903 1713 1041 1745 Nostras
1066 1713 1153 1754 pelle
1178 1713 1341 1756 tenebras,

903 1761 954 1793 Tu
980 1770 1150 1794 concessor
1173 1762 1298 1796 veniae.

573 1842 620 1874 36.
660 1842 776 1875 Dicunt
794 1843 934 1876 homines
955 1844 1028 1876 Deo.

146 1904 177 1939 1.
206 1905 317 1936 Verax
341 1903 442 1946 Deus,
469 1904 637 1949 Dominus,

203 1953 331 1985 Tenens
356 1955 392 1985 tu
420 1953 607 1994 dominium,

201 2001 273 2034 Rex
299 2004 345 2044 tu,
369 2001 438 2034 vita
463 2002 621 2046 omnibus,

201 2050 336 2093 Rector,
362 2053 476 2090 pastor
501 2050 618 2093 ovium,

201 2098 327 2139 Diligat
349 2102 383 2131 te
407 2100 559 2143 populus,

202 2147 308 2180 Tuum
335 2151 385 2179 est
408 2147 589 2188 imperium.

141 2206 175 2239 2.
202 2206 252 2238 Tu
278 2205 347 2239 vita
368 2205 473 2248 nobis,
501 2209 615 2239 cantus

201 2254 382 2295 Suavisque
409 2254 559 2296 dulcedo,

200 2303 251 2335 Tu
276 2304 358 2336 odor
382 2303 476 2335 nobis
503 2306 652 2347 quantus,

200 2351 252 2383 Tu
278 2361 403 2384 summa
427 2352 624 2395 sanctitudo,

200 2399 251 2431 Tu
276 2400 365 2432 tollis
390 2400 484 2432 nobis
510 2400 672 2443 planctus,

200 2447 252 2480 Tu
276 2448 392 2489 virtus,
419 2448 641 2489 pulchritudo.

183 2506 326 2536 Dreves,
346 2507 471 2530 Boncore
488 2506 522 2530 de
539 2506 643 2530 Sancta
658 2507 791 2531 Victoria.

842 1908 875 1942 3.
902 1907 951 1939 Tu
974 1907 1067 1940 nobis
1093 1907 1214 1947 luxque
1239 1907 1346 1939 lumen

903 1955 1123 1997 Nostrumque
1147 1956 1312 1999 solacium,

901 2005 952 2037 Tu
977 2007 1124 2037 nostrum
1151 2003 1377 2038 confortamen

898 2052 1031 2085 Donans
1056 2053 1186 2094 longum
1213 2053 1367 2095 spatium,

897 2101 947 2133 Tu
973 2104 1119 2134 nostrum
1144 2101 1240 2142 pellis
1267 2101 1388 2133 crimen

899 2149 1024 2182 Ferens
1048 2149 1143 2182 nobis
1167 2150 1330 2190 gaudium.

840 2208 873 2241 4.
900 2207 976 2240 Tibi
1001 2207 1115 2249 honor,
1139 2207 1253 2249 gloria,

901 2255 1033 2298 Cantus,
1060 2255 1220 2298 iubilatio,

898 2303 986 2335 Laus
1013 2300 1069 2347 [et]
1097 2305 1290 2348 reverentia,

898 2351 1004 2395 Salus,
1034 2351 1228 2395 benedictio,

898 2401 1027 2443 Preces,
1055 2410 1132 2441 pax,
1161 2400 1307 2445 victoria,

899 2449 1052 2489 Odorque
1077 2447 1226 2484 tributio.
