1651 2700
386 276 416 307 5.

360 512 415 546 10.

762 129 1020 164 —170—

444 227 571 260 Morum
597 226 692 258 erede
716 226 853 268 scholae,
881 226 950 258 cole
974 225 1096 268 doctos,
1123 224 1249 257 iunctus
1274 224 1408 256 honesto

442 275 534 315 Esto,
561 277 652 314 petas
676 275 805 306 comites
830 274 924 305 mites
948 282 1008 305 nee
1034 282 1104 306 eum
1129 272 1271 313 parasito

442 323 493 355 Ito
518 330 578 353 neo
603 322 645 354 ad
671 330 799 354 scurras
825 331 936 354 curras
961 330 1021 353 nee
1048 321 1180 353 crimine
1205 320 1319 360 plena-s

441 370 547 402 Lenas
573 370 718 412 serviles,
746 370 826 401 viles
850 378 912 402 neo
936 369 1064 401 Thaida
1086 377 1204 409 quaere

442 417 538 458 Aere,
565 426 625 449 nee
649 426 813 449 assuescas
840 426 928 449 escas
955 426 1024 449 oum
1052 417 1152 449 divite
1176 416 1317 459 Baccho,

441 467 472 497 A
496 474 558 506 quo
586 465 729 497 devictus
754 466 837 497 ictus
862 465 978 497 mentis
1005 465 1139 505 patiare.

441 514 472 545 A
496 521 533 544 re
553 515 618 544 tam
643 512 733 544 fatua
756 515 812 545 tua
836 513 878 545 sit
902 511 989 554 fuga,
1014 521 1074 544 nec
1098 514 1173 552 pete
1197 512 1285 543 lusus

444 560 527 593 Usus
553 560 686 601 taxillis,
712 561 777 592 illis
805 561 952 592 damnum
978 559 1016 592 fit
1040 560 1177 603 abunde,

442 608 539 640 Unde
563 608 685 639 luorum
710 608 847 650 quaeris,
875 608 938 640 eris
964 617 1003 639 ex
1028 608 1089 640 hoo
1113 607 1261 647 perditor
1286 607 1381 639 aeris.

309 701 333 728 B
355 697 407 729 fol.
430 699 465 728 19
474 702 501 729 b.
521 716 560 720 —
575 701 827 729 Bemerkenswert
847 703 888 729 ist
907 701 958 729 der
976 702 1060 729 Reim
1081 699 1099 729 8
1120 709 1178 737 sq.:
1200 700 1317 728 Baccho
1339 715 1376 719 —
1398 708 1416 727 a
1437 709 1505 736 quo.

359 1465 414 1498 10.

354 1704 408 1736 15.

354 1941 409 1973 20.

356 2179 412 2211 25.

355 2418 409 2451 30.

768 850 802 882 11.
841 851 885 883 De
904 851 1010 883 Morte.

660 941 871 973 Versibus
899 941 1113 973 Leoninis.

446 1041 534 1079 Quod
561 1040 634 1080 fuit,
661 1045 708 1073 est
735 1044 767 1073 et
792 1042 863 1083 erit,
889 1041 984 1073 finem
1010 1044 1144 1073 mortem
1169 1041 1232 1072 sibi
1258 1042 1393 1081 quaerit.

441 1088 494 1119 Ad
520 1088 654 1120 nihilum
678 1089 779 1129 vadit,
806 1089 962 1129 quidquid
986 1092 1102 1121 natura
1128 1089 1259 1122 creavit.

442 1134 566 1167 Debilis
593 1139 623 1167 et
649 1135 742 1168 fortis
767 1137 904 1168 tendunt
929 1137 967 1168 ad
996 1136 1104 1168 taedia
1128 1137 1249 1168 mortis.

440 1182 494 1213 Ad
519 1183 630 1214 mortis
655 1183 735 1215 fines
759 1183 866 1215 tendit
891 1193 959 1215 cum
987 1192 1128 1223 paupere
1155 1184 1254 1218 diveS.

409 1254 415 1260 .
443 1229 569 1261 Nullius
597 1233 646 1261 est
670 1231 765 1262 sortis
791 1231 894 1263 vitare
919 1232 1064 1271 pericula
1087 1234 1209 1263 mortis.

442 1276 505 1308 Per
529 1278 648 1309 nullam
675 1281 792 1310 sortem
820 1279 922 1310 vitare
946 1281 1053 1318 potest
1076 1279 1170 1311 homo
1195 1282 1339 1312 mortem.

442 1324 595 1356 Interitus
619 1324 686 1357 fata
712 1327 903 1358 comitantur
930 1329 1043 1358 cuneta
1069 1330 1185 1360 creata.

439 1372 492 1403 Acl
519 1373 630 1404 mortis
656 1371 724 1405 fata
749 1372 904 1404 festinant
929 1374 1032 1405 omnia
1058 1377 1144 1406 nata.

440 1418 531 1457 Quod
556 1424 671 1451 natura
697 1421 796 1460 dedit,
824 1419 946 1453 feritati
971 1422 1082 1453 mortis
1108 1422 1229 1456 obedit.

442 1465 534 1504 Quod
561 1467 617 1498 dat
640 1471 764 1507 natura,
792 1469 904 1500 mortis
929 1468 1069 1501 subdant
1093 1469 1155 1501 sibi
1179 1469 1260 1503 iura.

440 1514 529 1553 Quod
555 1517 671 1547 natura
697 1514 796 1555 dedit,
823 1516 936 1548 mortis
960 1517 1022 1548 iuri
1048 1517 1110 1549 cito
1136 1518 1231 1552 cedit.

439 1561 548 1603 Omne,
576 1562 660 1602 quod
687 1566 735 1594 est
759 1566 879 1603 natum,
905 1567 1006 1596 totum
1031 1565 1118 1596 neeis
1144 1565 1246 1597 intrat
1270 1566 1403 1599 hiatum.

438 1608 547 1646 Omne,
574 1610 658 1649 quod
685 1613 732 1641 est
757 1609 887 1650 factum,
915 1612 1068 1644 nihilatur
1092 1621 1150 1652 per
1172 1614 1260 1645 necis
1283 1617 1400 1647 aetum.

438 1656 550 1688 Omnia
576 1657 766 1689 damnantur
791 1667 849 1697 per
874 1662 1017 1697 mortem,
1043 1669 1124 1699 quae
1149 1664 1357 1700 generantur.

437 1703 546 1741 Omne,
573 1705 657 1743 quod
684 1708 732 1736 est
758 1709 872 1748 ortum,
898 1707 1010 1738 mortis
1036 1708 1101 1739 scio
1129 1717 1262 1749 carpere
1289 1713 1429 1749 portum.

441 1752 551 1783 Omnia
579 1755 709 1784 causata
731 1762 790 1793 per
814 1757 949 1786 mortem
975 1757 1051 1787 sunt
1079 1756 1201 1789 vitiata.

439 1798 583 1831 Naturae
608 1800 723 1832 donum
746 1801 812 1833 ruit
837 1803 877 1834 ad
903 1803 1014 1834 mortis
1039 1804 1124 1835 mala
1148 1814 1294 1844 pronum.

440 1846 566 1878 Donum
590 1850 725 1879 naturae
750 1850 845 1881 morti
870 1853 963 1889 paret
987 1851 1139 1884 ruiturae.

444 1894 551 1926 Omnis
578 1893 703 1927 factura
727 1898 839 1928 mortis
865 1897 950 1929 subit
974 1898 1075 1938 impia
1098 1899 1180 1932 iura.

438 1941 546 1982 Omne,
573 1943 656 1981 quod
684 1946 732 1974 est
756 1945 907 1983 genitum,
934 1947 1045 1977 mortis
1071 1947 1175 1986 poscit
1200 1948 1263 1979 sibi
1287 1949 1393 1983 ritum.

439 1988 548 2020 Ortum
574 1990 729 2029 quidquid
755 1991 862 2031 habet,
888 1992 921 2023 in
945 1994 1057 2025 mortis
1082 1996 1229 2035 tempore
1254 1996 1352 2029 tabet.

438 2035 552 2067 Totum
577 2045 663 2068 mors
688 2038 784 2078 rodit,
812 2039 967 2079 quidquid
993 2042 1155 2080 generatio
1182 2043 1301 2082 prodit.

437 2084 475 2115 In
500 2084 612 2115 mortis
638 2093 741 2116 messe
765 2087 849 2125 perit
875 2096 976 2127 omne,
1005 2089 1089 2128 quod
1114 2090 1229 2130 incipit
1256 2100 1335 2125 esse.

437 2132 474 2163 In
499 2132 586 2163 vitae
610 2130 673 2164 fine
697 2133 876 2165 subduntur
903 2139 1017 2167 cuncta
1040 2137 1162 2170 ruinae.

438 2179 586 2211 Tendunt
612 2180 652 2212 ad
679 2184 811 2212 mortem
838 2182 924 2214 vitae
949 2184 1123 2217 retinentia
1147 2190 1275 2222 sortem.

437 2227 546 2259 Omnis
571 2228 665 2259 homo
692 2228 781 2260 vivus
806 2227 875 2261 fluit
902 2231 944 2263 ad
968 2234 1104 2264 mortem
1130 2235 1220 2274 quasi
1245 2236 1343 2268 rivus..

437 2275 633 2307 Plasmatum
660 2280 807 2308 cunctum
833 2278 898 2309 ruit
922 2279 964 2311 ad
989 2281 1100 2312 mortis
1127 2282 1190 2313 cito
1213 2287 1378 2323 punctum.

440 2322 594 2355 Cunctum
619 2324 754 2356 mortale
778 2326 890 2357 mortis
915 2328 1106 2368 supponitur
1132 2330 1212 2362 alae.

436 2371 597 2411 Quidquid
623 2370 788 2413 formatur,
816 2374 928 2406 mortis
953 2375 1037 2415 pede
1063 2377 1284 2413 mortificatur.

436 2419 490 2450 Ad
515 2420 627 2451 mortis
652 2423 753 2452 metas
779 2421 880 2453 omnis
907 2422 1087 2456 devolvitur
1112 2429 1209 2459 aetas.
