1651 2700
740 140 1000 175 —116—

556 237 609 268 12.
636 236 712 268 Tui
736 236 805 268 nati
828 236 941 277 gratia,

683 283 785 316 Stella
809 284 974 323 matutina,

639 331 705 363 Nos
730 331 853 364 vinctos
879 339 939 371 per
964 330 1070 363 omnia

684 378 815 411 Fraude
841 378 995 411 Satanina

634 426 737 467 Falci,
764 427 843 458 tolle
867 427 956 465 vitia,

682 474 824 506 Virtutes
849 474 997 515 propina,

634 521 708 553 Tibi
733 522 802 553 laus
824 524 856 553 et
881 521 996 563 gloria,

679 569 703 602 Ο
731 569 811 601 caeli
836 569 956 609 regina.

283 635 310 661 A
330 631 380 661 fol.
401 632 474 662 7821.
496 649 533 653 —
560 633 582 661 O
602 634 652 662 fol.
673 632 709 662 28
721 643 748 662 a.
767 649 805 653 —
826 632 851 668 6,
874 633 890 661 7
913 634 1002 662 Solve
1018 635 1052 661 Λ.
1075 650 1111 653 -
1131 631 1158 666 8,
1180 630 1198 659 2
1217 641 1320 668 expers
1335 632 1425 659 maris
1441 630 1472 658 C.
1488 645 1527 649 -—

211 671 268 699 Cfr.
288 671 373 699 Anal.
394 672 448 705 ΠΙ,
472 670 526 699 177
547 681 589 708 sq.

630 773 678 805 20.
719 773 761 804 De
782 773 986 811 VlIKGaudiis
1008 773 1095 804 BMV.

224 854 255 887 1.
284 853 407 894 Gaude,
434 854 532 896 virgo,
558 853 627 885 laus
641 856 836 891 cunctorum,

284 900 388 940 Super
416 901 511 932 decus
538 901 720 940 angelorum

330 948 400 980 Tua
428 947 529 988 fulget
552 948 670 988 gloria3

284 995 405 1039 Gaude,
435 995 503 1027 dies
528 999 562 1026 ut
586 998 718 1027 ornatur

286 1043 370 1082 Sole,
397 1043 443 1075 ita
466 1043 659 1074 iucundatur

336 1089 422 1122 Caeli
446 1090 479 1121 in
504 1092 537 1121 te
562 1090 659 1123 curia.

226 1168 257 1200 2.
286 1165 408 1208 Gaude,
435 1168 467 1197 te
492 1165 629 1197 adorant
653 1165 732 1196 caeli

291 1212 382 1245 Cives
408 1212 522 1245 affectu
546 1212 636 1244 fideli

334 1260 380 1292 Et
404 1260 622 1300 oboedientia,

291 1307 412 1348 Gaude,
440 1310 513 1340 tuae
537 1308 694 1339 voluntati

289 1354 431 1387 Affectus
459 1358 505 1387 est
530 1355 664 1386 trinitati

335 1402 460 1435 Favere
484 1411 543 1442 per
568 1402 684 1435 omnia.

896 852 941 896 [3.
970 853 1092 894 Gaude,
1119 854 1179 885 tibi
1204 853 1414 892 obsequentes

968 900 1089 933 Terrae
1114 903 1146 932 et
1171 900 1252 932 caeli
1275 899 1451 940 gaudentes

1017 948 1151 980 Sumunt
1176 956 1235 987 per
1259 950 1291 978 te
1316 946 1478 987 praemia3

968 995 1091 1037 Gaude,
1118 996 1239 1036 angelis
1265 994 1421 1036 praelata,

969 1043 1123 1076 Trinitati
1147 1044 1328 1083 proximata

1018 1090 1180 1131 Singulari
1205 1090 1317 1131 gratia.

911 1168 943 1200 4.
972 1167 1095 1208 Gaude,
1121 1168 1223 1200 honor
1247 1169 1319 1198 tuus
1346 1165 1460 1197 crescit

971 1214 1114 1257 Semper.v
1142 1215 1215 1255 quia
1240 1213 1334 1246 finem
1361 1213 1463 1245 nescit

1018 1262 1088 1294 Nec
1113 1262 1166 1294 hie
1190 1270 1250 1294 nee
1273 1262 1306 1293 in
1332 1261 1453 1302 pat1ia3

972 1309 1094 1353 Gaude,
1121 1310 1221 1350 virgo,
1248 1312 1352 1341 mater
1376 1308 1447 1351 Dei,

971 1357 1038 1390 Nos
1065 1358 1127 1390 due
1150 1356 1342 1389 reformatos
1368 1357 1397 1388 ei

1017 1406 1070 1437 Ad
1096 1404 1177 1437 festa
1202 1405 1364 1438 caelestia.

286 1477 312 1505 A
339 1478 391 1505 fol.
419 1475 455 1505 78
483 1486 508 1505 a.
527 1492 566 1496 ——-
587 1478 609 1506 O
635 1478 684 1505 fol.
706 1475 761 1505 248
784 1487 809 1506 a.
830 1494 867 1498 —
889 1479 946 1507 Cfr.
968 1481 1053 1508 Anal.
1074 1482 1134 1515 111,
1167 1479 1230 1508 178.
1252 1495 1287 1499 —
1311 1481 1421 1516 „Beata
1443 1481 1527 1517 virgo

211 1517 353 1551 apparuit
374 1515 489 1543 cuidam
510 1516 615 1543 devoto
637 1517 695 1544 zibi
708 1517 851 1545 monacho
867 1520 897 1545 et
910 1519 967 1546 ait:
990 1519 1047 1547 Cur
1062 1522 1177 1547 tantum
1191 1519 1347 1546 delectaris
1361 1520 1393 1546 in
1409 1518 1528 1555 gaudiis

210 1554 285 1581 meis
309 1555 483 1590 praeteritis,
506 1554 620 1582 amlicet
640 1556 874 1584 annuntiationis
896 1559 949 1584 ete.
965 1559 995 1584 et
1007 1566 1068 1585 non
1088 1559 1186 1593 potius
1207 1559 1239 1585 in
1260 1557 1474 1593 praesentibus,
1496 1559 1529 1585 in

211 1592 319 1627 quibus
329 1592 453 1619 multum
463 1591 612 1620 delector?
633 1592 674 1620 Et
686 1596 756 1620 sunt
768 1591 872 1622 haee“:
888 1594 922 1622 A.
937 1609 973 1614 —
988 1596 1079 1623 Diese
1089 1596 1228 1633 Legende
1242 1595 1316 1622 wird
1329 1604 1387 1623 von
1397 1595 1528 1623 Thomas

208 1630 323 1657 Beeket
344 1630 463 1658 erz'ahlt.
478 1645 515 1648 —
529 1631 563 1657 In
580 1630 602 1658 C
621 1632 662 1658 ist
681 1631 789 1659 diesem
805 1632 896 1660 Liede
915 1634 980 1661 eine
995 1633 1133 1661 deutsche
1145 1634 1356 1670 Ubertragung
1369 1634 1528 1670 beigefiigt,

209 1668 258 1695 die
280 1668 354 1696 aller
366 1668 689 1696 Wahrseheinliehkeit
708 1670 783 1697 nach
805 1670 947 1699 ebenfalls
973 1680 1027 1699 ton
1043 1672 1181 1700 Chi-istan
1200 1672 1338 1700 herriihrt
1358 1672 1417 1699 und
1437 1672 1528 1700 daher

207 1706 272 1733 hier
293 1708 379 1734 einen
397 1706 480 1734 Platz
503 1707 642 1734 verdient.

226 1760 250 1788 1.
271 1763 350 1790 Vrcv
371 1762 447 1796 dich,
468 1766 562 1791 muter
582 1764 770 1799 gnadenrich,

272 1800 374 1828 Himel
394 1801 459 1828 lobt
478 1801 545 1828 dich
566 1802 626 1829 vnd
648 1802 762 1837 ertrieh,

270 1838 349 1865 Dein
370 1840 446 1866 zcier
459 1839 517 1866 vnd
532 1840 599 1867 dein
613 1840 685 1867 shtin
701 1841 742 1868 ist
754 1849 829 1876 ganz

274 1876 335 1904 Gar
356 1877 392 1904 ob
414 1877 487 1904 aller
509 1878 592 1913 enge]
612 1879 707 1914 glanz.

222 1940 248 1969 2.
272 1944 350 1970 Vrev
371 1943 445 1971 dich-
468 1944 512 1971 als
533 1944 597 1972 dem
617 1947 668 1981 tag
688 1945 739 1973 diu
759 1946 831 1973 sunu

272 1981 397 2017 Bringet
416 1982 523 2010 vrevde
544 1983 584 2010 vil
605 1984 663 2010 vnd
684 1992 774 2018 vunn,

272 2021 311 2047 So
334 2022 451 2047 ervrevt
471 2020 538 2047 dein
557 2021 680 2048 lieehter
700 2021 782 2049 shein

271 2057 347 2091 ΑΗΘ,
369 2058 418 2085 die
438 2058 562 2086 zehimel
582 2059 650 2086 sein.

225 2124 252 2151 3.
278 2125 358 2152 Vrev
378 2125 453 2160 dieh,
476 2126 527 2153 das
549 2126 592 2153 als
606 2126 727 2154 himlish
741 2127 793 2154 her

273 2163 330 2190 Dir
353 2165 449 2200 trpivt
467 2164 517 2192 lob
537 2164 615 2192 vnde
636 2173 667 2192 er

273 2201 309 2228 In
329 2210 437 2237 ganzer
458 2202 693 2230 durnechtichait

273 2239 332 2267 Mit
351 2240 516 2277 gehorsams
535 2241 709 2269 vleisiehait.

216 2304 246 2333 4.
269 2307 349 2335 Vrev
363 2308 439 2343 dieh,
462 2308 513 2337 das
536 2308 581 2336 dir
600 2309 637 2336 ist
655 2310 746 2337 birait

274 2346 333 2374 Div
354 2346 465 2382 gotlich
486 2347 696 2382 drivaltiehait‚

273 2384 336 2412 Das
357 2384 396 2411 dv
415 2385 490 2413 heist
508 2386 641 2422 genzlieh
662 2385 778 2422 gewert'

277 2422 370 2456 Ellcs,
392 2423 442 2451 des
463 2424 530 2451 dein
551 2424 637 2452 herze
657 2427 728 2461 gei-t.

955 1767 1036 1794 Vrev
1056 1767 1131 1802 dich,
1153 1767 1224 1794 [wer
1245 1767 1294 1795 hie
1314 1767 1414 1794 dienet
1435 1767 1489 1802 dir,

929 1803 935 1810 '
956 1805 1032 1833 Dem
1052 1806 1120 1833 wirt
1137 1805 1189 1833 lon
1208 1805 1285 1833 nach
1305 1805 1399 1833 rainer
1420 1806 1474 1842 gir,

957 1843 1042 1871 Gnad
1063 1845 1130 1871 wirt
1147 1845 1188 1871 im
1207 1844 1250 1871 vil
1269 1844 1319 1871 hie
1339 1840 1478 1880 [gegebn]

956 1881 1024 1909 Vnd
1043 1881 1151 1910 zehiml
1172 1882 1224 1910 das
1246 1882 1338 1910 ewich
1360 1882 1438 1910 lebn.

911 1945 936 1975 6.
957 1949 1037 1976 Vrev
1060 1949 1133 1983 dich,
1156 1950 1192 1977 ob
1213 1949 1265 1976 der
1288 1949 1367 1986 engil
1386 1949 1454 1977 fhar

956 1987 1009 2014 Bis
1030 1987 1069 2014 du
1088 1988 1141 2023 got
1159 1987 1279 2023 gesellet
1297 1996 1352 2024 gar

957 2025 1042 2052 Vnde
1062 2025 1113 2053 der
1133 2025 1337 2053 drivaltiehait

957 2062 1016 2090 Mit
1035 2063 1177 2091 besvnder
1196 2064 1372 2092 wirdichait.

911 2128 937 2156 7.
958 2130 1039 2158 Vrev
1058 2130 1134 2165 dieb,
1155 2131 1208 2159 das
1229 2131 1267 2158 dv
1288 2132 1419 2160 sicheher
1438 2132 1502 2168 bist,

958 2168 1021 2196 Das
1042 2168 1111 2196 dein
1131 2178 1199 2197 erev
1220 2171 1295 2207 ewig
1314 2170 1352 2198 ist

958 2206 1044 2234 Vnde
1063 2210 1138 2235 merl:
1158 2207 1218 2235 fich
1238 2208 1392 2236 ewichlieh

959 2244 995 2272 In
1015 2245 1106 2273 himel
1125 2246 1238 2284 vndjn
1258 2247 1376 2275 ertrich.

912 2308 938 2338 8.
959 2312 1039 2340 Vrev
1062 2313 1138 2347 dieb,
1159 2314 1275 2350 gnaden
1294 2315 1441 2351 vinderin,

959 2351 1063 2385 Mai-ei⁷
1083 2351 1168 2379 vnser
1187 2352 1332 2388 trosterin,

961 2388 1017 2417 Gib
1038 2398 1093 2417 vns
1114 2389 1169 2418 den
1190 2390 1347 2420 himlishen
1366 2392 1442 2428 hort,

960 2427 1077 2456 Deinen
1097 2428 1156 2463 svn,
1176 2429 1226 2457 hie
1246 2430 1324 2459 vnde
1344 2431 1418 2460 dort.
