1651 2700
686 146 923 182 -61-

176 265 184 275 .
211 243 298 275 Puer
322 242 381 275 illa
408 243 569 276 decollata

210 290 314 323 Rosas
342 291 423 323 dans
449 295 481 323 et
505 292 592 323 mala
617 295 712 332 grata

256 338 415 379 Loquitur
442 339 628 372 didascalo:

210 386 377 419 Dorothea
403 387 464 419 tibi
489 387 579 419 misit

210 436 302 468 Haec
328 435 368 467 de
394 444 498 476 sacro,
526 444 585 467 ceu
610 434 770 476 promisit,

260 483 318 516 Sui
342 484 453 523 sponsi
480 483 621 515 hortulo.

168 557 176 566 .
214 531 294 563 Viso
319 534 455 570 stupens
478 531 574 563 xenio

255 579 336 611 Mox
362 579 416 611 hic
442 579 558 619 credit,
589 578 734 619 Domine,

255 627 301 659 Et
326 635 386 666 pro
414 630 469 659 tuo
495 626 626 659 nomine

205 676 327 708 Plexus
353 675 442 708 cadit
464 674 583 716 gladio.

301 772 349 803 In
374 770 609 804 Laudibus

353 855 553 892 Antiphonae.

175 949 183 958 .
210 924 376 957 Dorothea
402 924 559 964 virginem

257 972 420 1005 Christum
439 972 595 1014 imitatur,

208 1022 415 1060 Aspernatur
440 1020 611 1062 bominem,

261 1068 304 1101 Ut
328 1068 398 1099 Deo
424 1066 561 1100 fruatur.

169 1180 176 1187 .
203 1154 300 1194 Ecce,
327 1153 391 1185 Dei
416 1162 548 1185 munere

252 1202 364 1242 Plena,
391 1210 443 1233 res
468 1201 606 1241 novella,

204 1250 379 1290 Consurgit
405 1250 445 1281 de
472 1249 580 1281 cinere

252 1298 375 1330 Terrae
401 1296 527 1338 fulgens
553 1297 658 1329 stella.

170 1411 177 1419 .
204 1384 414 1417 Alabastrum
442 1383 613 1425 frangitur,

249 1433 389 1465 Redolet
413 1436 619 1473 unguentum,

203 1480 344 1513 Granum
372 1485 461 1512 terra
486 1480 632 1521 moritur,

248 1529 390 1561 Multum
418 1529 475 1561 dat
500 1527 706 1563 frumentum.

166 1641 175 1649 .
201 1616 360 1648 Militavit
387 1616 527 1648 dulciter

246 1664 412 1696 Dorothea
440 1663 520 1704 Deo,

199 1713 280 1746 Ideo
305 1711 449 1744 feliciter

246 1761 374 1801 Regnat
398 1761 462 1792 iam
488 1768 557 1791 cun]
586 1768 633 1792 eo.

162 1873 171 1883 .
198 1848 332 1881 Choreis
359 1847 552 1879 caelestibus

246 1896 373 1928 Fruens
399 1896 542 1928 iubilaea

197 1944 328 1977 Nostris
354 1954 415 1985 pro
438 1944 583 1976 reatibus

247 1993 323 2034 Ora,
350 1993 528 2026 Dorothea.

310 2080 358 2108 Ad
377 2080 568 2108 Benedictus.

156 2176 164 2185 .
197 2149 395 2183 Benedictus
420 2149 544 2190 gloriae

195 2198 241 2231 Es
268 2198 408 2239 palmam
431 2198 588 2229 victoriae

243 2247 315 2280 Rex
341 2246 397 2287 qui
422 2246 567 2278 tribuisti

195 2295 393 2335 Dorotheae,
421 2294 570 2327 stabilem

195 2344 307 2383 Quam,
336 2344 368 2376 vi
394 2351 521 2383 quoque
547 2342 707 2383 fragilem,

243 2392 384 2424 Vincere
409 2390 517 2423 fecisti

199 2468 224 2496 B
244 2467 295 2495 fol.
320 2465 401 2495 172a
421 2476 464 2503 sq.

906 244 1072 276 Praesidis
1099 244 1271 283 virtutem;

954 292 1051 325 Cuius
1076 291 1169 323 nobis
1194 291 1344 331 precibus

956 338 1075 372 Confer
1101 339 1350 379 deprecantibus

908 386 1092 419 Clementer
1117 388 1264 421 salutem.

973 492 1022 523 In
1049 493 1080 524 2.
1108 492 1217 532 Vesp
1231 492 1292 523 eri
1306 504 1330 525 s.

1050 586 1250 622 Antiphonae.

846 673 878 706 1.
905 673 1021 706 Colant
1047 682 1117 705 cum
1143 673 1268 706 laetitia

952 722 1081 753 Mentes
1105 721 1266 753 iubilaeae

902 770 1020 802 Annua
1046 769 1216 801 sollemnia

953 817 1091 849 Sanctae
1115 817 1310 851 Dorotheae.

844 914 877 947 2.
903 912 1026 945 Laudis
1052 913 1165 953 vulgat
1190 913 1297 944 titulus

952 961 1055 992 Huius
1081 961 1273 999 castitatem,

902 1008 1012 1041 Omnis
1039 1010 1147 1048 stupet
1170 1008 1279 1039 oculus

949 1055 1087 1087 Tantam
1113 1055 1327 1087 sanctitatem.

840 1151 873 1183 3.
900 1150 1065 1183 Scandens
1091 1158 1188 1190 super
1211 1150 1320 1182 sidera

948 1198 1043 1230 Felix
1065 1198 1240 1236 Dorothea,

900 1246 1039 1278 Precatu
1064 1255 1121 1277 nos
1145 1246 1250 1278 libera

947 1294 978 1326 A
1005 1295 1100 1334 culpa
1124 1294 1218 1326 letea.

843 1390 878 1423 4.
903 1389 942 1421 In
967 1390 1038 1422 loco
1064 1390 1259 1430 agalmatum

951 1437 1027 1470 Cum
1055 1438 1125 1470 Deo
1152 1438 1284 1470 deorum

901 1485 1076 1518 Sabbatiza
1099 1486 1271 1518 sabbatum

946 1533 1049 1566 Laeta
1075 1534 1294 1567 sabbatorum.

844 1632 876 1665 5.
904 1629 972 1662 Nos
1000 1630 1067 1661 eius
1093 1639 1153 1670 pro
1177 1630 1343 1671 sanguine,

945 1679 1043 1717 Quem
1068 1687 1128 1718 pro
1154 1682 1186 1710 te
1211 1678 1381 1719 impendit,

894 1725 964 1758 Fac
988 1726 1091 1767 adire,
1116 1726 1266 1767 Domine,

945 1773 1070 1815 Caelos,
1097 1784 1176 1815 quos
1203 1775 1360 1809 ascendit.

1020 1869 1066 1897 Ad
1087 1869 1270 1907 Magnificat.

824 1957 866 1991 A.
900 1957 1067 1990 Castitatis
1094 1959 1222 1998 annulo,

945 2006 1135 2040 Sanctitatis
1163 2007 1295 2047 podere,

896 2051 1052 2087 Caritatis
1078 2055 1199 2096 osculo,

942 2103 1081 2135 Pietatis
1107 2112 1206 2143 opere

990 2151 1098 2192 Fulta,
1126 2160 1245 2191 sponsa
1271 2151 1354 2191 Iesu,

894 2199 1071 2239 Dorothea,
1098 2199 1227 2239 iugibus

942 2247 1020 2278 Tuis
1044 2250 1156 2278 nostra
1184 2248 1309 2279 scelera

894 2294 1036 2335 Deterge
1061 2295 1247 2334 precatibus

943 2343 987 2375 Et
1012 2343 1045 2374 in
1071 2346 1175 2375 morte
1199 2343 1305 2375 libera

992 2391 1166 2423 Daemonis
1195 2391 1235 2423 ab
1264 2401 1330 2424 esu.
