1651 2700
738 157 788 161 —
840 140 905 175 1:33
956 161 1004 166 —

218 228 253 262 3.
280 228 362 271 Ave,
388 231 582 264 cruciamina

325 278 386 318 Qui
411 277 478 311 fers
503 282 639 320 propter
664 281 768 315 Deum

277 325 322 357 Et
347 327 450 359 multa
477 327 663 361 discrimina

325 374 488 408 Imitando
515 384 597 418 eum,

279 421 354 463 Ora,
382 431 422 455 ne
447 432 498 455 me
524 425 652 457 sarcina

328 470 450 511 Culpae
475 473 586 505 tradat
611 482 710 516 reum,

277 517 341 551 Sed
367 524 496 553 sumant
521 529 572 552 me
598 522 737 554 culmina

326 565 416 598 Caeli
442 567 626 602 iubilaeum.

916 240 949 273 4.
975 240 1057 281 Ave,
1085 241 1139 282 qui
1165 243 1305 276 viriliter

1023 289 1140 321 Mortis
1166 290 1280 323 suffers
1306 292 1399 336 ictus,

974 335 1028 368 Sic
1053 340 1177 380 martyr
1200 339 1376 372 salubriter

1021 384 1142 418 Factus
1170 395 1203 419 es
1229 388 1378 432 invictus,

974 432 1036 464 Per
1062 434 1174 474 culpas
1201 435 1363 468 hostiliter

1022 479 1100 513 Cum
1126 483 1195 525 sim,
1225 483 1295 527 heu,
1324 485 1480 531 devictus,

973 527 1046 560 Non
1071 538 1194 569 gemam
1219 530 1372 564 flebiliter

1021 577 1050 608 A
1077 579 1109 609 te
1136 578 1321 612 derelictus.

607 648 638 679 5.
667 648 747 689 Ave,
777 656 847 680 cum
874 652 1071 691 martyribus

714 695 774 735 Qui
801 705 835 728 es
861 698 1086 741 laetabundus,

663 744 732 776 Iam
760 753 829 776 cum
856 748 976 779 sanctis
1003 749 1149 782 omnibus

711 792 861 826 Honorat
886 797 918 826 te
943 797 1092 838 mundus,

661 840 729 872 Piis
754 845 885 880 praesta
910 844 1073 886 precibus,

709 888 760 920 Ne
785 889 845 921 sim
870 891 935 922 iam
960 892 1152 934 immundus,

663 935 728 968 Sed
755 945 825 968 cum
852 939 933 970 caeli
961 940 1084 973 civibus

710 984 847 1025 Semper
867 986 925 1018 sim
949 987 1121 1023 iucundus,

276 1045 303 1072 A
323 1046 373 1073 fol.
400 1044 471 1074 13b.

631 1142 678 1172 47.
720 1142 764 1174 De
785 1151 809 1174 s.
831 1143 942 1176 Iacobo
963 1145 1091 1177 Maiore.

208 1218 240 1253 1.
267 1218 350 1259 Ave,
377 1220 431 1260 qui
457 1222 559 1253 maior
584 1223 710 1254 vocaris

315 1268 443 1309 Iacobe‚
471 1271 628 1312 apostole,

265 1315 313 1346 Te
337 1318 498 1349 terrarum
525 1321 622 1359 atque
647 1320 746 1351 maris

318 1364 519 1397 Venerantur
544 1366 679 1409 incolae,

266 1411 312 1444 Ut
336 1412 415 1444 mihi
440 1413 634 1457 miserearis,

314 1459 414 1493 Servo
440 1464 506 1502 tuo,
533 1463 641 1495 recole

265 1507 467 1549 Virtutisque
494 1510 646 1543 salutaris

313 1557 350 1589 In
375 1566 426 1589 me
452 1556 579 1591 fructus
607 1560 728 1592 excole.

199 1633 236 1666 2.
265 1633 347 1676 Ave,
373 1638 463 1666 sator
486 1635 578 1667 verbi
603 1636 674 1674 Dei,

309 1681 375 1714 Per
404 1685 508 1715 terras
534 1684 721 1729 Hispaniae,

263 1730 311 1761 Te
339 1730 499 1763 honorant
523 1731 654 1764 iubilaei

310 1778 442 1811 Incolae
468 1778 628 1823 Galatiae,

263 1826 337 1859 Tibi
364 1826 440 1859 iusti
467 1831 564 1869 atque
589 1829 637 1861 rei

309 1874 399 1907 Dant
422 1876 536 1908 laudes
563 1877 716 1921 laetitiae,

259 1922 419 1955 Miserere
444 1933 520 1965 ergo
547 1926 619 1966 mei,

309 1972 334 2005 Ο
360 1972 486 2013 lampas
510 1974 676 2009 ecclesiae.

905 1227 936 1260 3.
964 1228 1044 1269 Ave,
1071 1227 1159 1260 salus
1184 1230 1371 1274 animarum,

1010 1275 1089 1307 Flos
1114 1276 1215 1308 divini
1240 1278 1404 1318 germinis,

963 1322 1050 1355 Vere
1075 1323 1165 1356 sidus
1192 1327 1227 1356 tu
1252 1327 1456 1365 praeclarum

1011 1371 1199 1404 Inexhausti
1224 1373 1367 1414 luminis,

963 1419 1110 1451 Mearum
1140 1420 1235 1453 velox
1262 1422 1430 1462 culparum

1009 1467 1091 1499 Dele
1120 1468 1224 1500 labem
1253 1469 1408 1511 criminis,

961 1514 1058 1548 Fluat
1083 1516 1162 1548 mihi
1187 1518 1366 1557 gratiarum

1008 1563 1072 1596 Per
1096 1566 1129 1595 te
1151 1573 1234 1598 vena
1258 1564 1410 1601 fluminis.

927 1665 937 1676 .
964 1641 1044 1683 Ave,
1072 1650 1197 1682 gemma
1224 1643 1391 1684 claritatis,

1008 1689 1033 1722 Ο
1059 1688 1107 1721 fili
1133 1691 1277 1732 tonitrui,

959 1736 997 1769 ln
1023 1740 1055 1768 te
1080 1746 1170 1770 meae
1194 1739 1377 1772 sanctitatis

1008 1785 1104 1825 Spem
1130 1789 1232 1819 totam
1260 1788 1405 1830 deposui,

960 1833 1016 1865 Me
1042 1843 1082 1866 ex
1106 1835 1178 1867 lacu
1204 1836 1356 1868 vanitatis

1008 1882 1089 1925 Duc,
1116 1883 1149 1915 in
1176 1892 1237 1924 quo
1265 1890 1390 1927 evanui,

958 1930 1024 1963 Pro
1049 1931 1130 1964 meis
1156 1941 1214 1965 ora
1237 1934 1391 1977 peccatis,

1005 1979 1127 2019 Quibus
1153 1981 1251 2013 miser
1276 1982 1377 2016 tabui.

590 2054 621 2087 5.
649 2054 732 2097 Ave,
760 2055 926 2095 speculum
952 2056 1119 2099 virtutum,

699 2103 776 2137 Mea
801 2112 875 2144 spes
901 2106 934 2136 et
958 2105 1072 2146 gloria,

649 2151 718 2183 Iter
746 2161 829 2191 para
854 2152 931 2184 mihi
956 2156 1060 2185 tutum

698 2199 736 2231 In
762 2199 824 2232 Dei
850 2201 978 2242 militia,

649 2247 697 2279 Te
721 2256 781 2288 pro
805 2258 856 2280 me
881 2249 915 2281 in
941 2253 1045 2282 morte
1070 2253 1197 2283 scutum

697 2296 750 2328 Da
776 2299 889 2329 eontra
915 2298 1094 2340 daemonia,

651 2344 778 2377 Virtute
803 2345 875 2378 loca
899 2345 1047 2378 indutum

696 2393 753 2426 Me
777 2393 810 2425 in
839 2394 919 2426 caeli
947 2394 1046 2428 curia.

258 2456 286 2484 A
306 2457 358 2485 fol.
379 2456 416 2486 78
426 2459 453 2486 b.
475 2473 512 2477 —-
535 2459 593 2487 Cfr.
614 2459 702 2488 Anal.
722 2460 778 2494 ΠΪ,
803 2458 866 2489 181.
