1651 2700
381 264 587 299 Responsoria.

181 333 214 364 1.
240 332 347 372 Ignita
371 332 533 373 sartagine

239 379 399 412 Probatus
425 380 569 411 examine

289 427 419 460 Plumbi
445 427 565 460 Christi
589 427 681 459 miles

239 475 406 507 Praesidis
431 475 588 507 insaniam

240 521 374 562 Spernit
399 526 431 554 et
454 523 628 563 nequitiam

286 570 503 610 Tortoresque
525 571 622 608 viles:

166 617 208 650 T.
242 618 341 658 Signo
367 618 470 649 crucis
497 618 583 650 edito

285 665 372 696 Vicit
395 666 496 697 trucis

285 713 356 744 Iras
382 713 471 744 ducis

236 759 298 791 Dei
322 768 433 792 servus
456 760 573 794 subito.

177 856 209 888 2.
236 855 403 894 Templum
429 858 529 887 totum
556 855 681 888 frivolis

236 902 355 934 Exurit
381 911 451 933 cum
476 903 573 935 idolis

283 950 407 982 Iunctis
432 950 654 982 sacerdotibus

236 996 287 1028 De
313 997 410 1028 caelis
435 998 609 1029 adveniens

236 1045 324 1084 Ignis
361 1048 475 1077 cuncta
498 1046 635 1085 glutiens

284 1092 359 1124 Yiri
385 1091 446 1123 Dei
471 1093 640 1131 precibus:

162 1139 202 1172 V.
235 1138 428 1170 Exustorum
455 1140 580 1179 spurias

234 1184 375 1219 Istorum
400 1187 562 1226 reliquiaS,

284 1234 326 1266 Se
347 1234 444 1266 tellus
469 1235 596 1273 aperuit

282 1281 325 1313 Et
352 1285 466 1313 cuncta
491 1282 666 1314 absorbuit.

177 1377 209 1408 3.
234 1376 362 1417 Regina
385 1377 548 1417 gentilium

235 1423 283 1455 Ob
309 1432 432 1463 poenas
458 1423 599 1457 fidelium

282 1471 373 1503 Dure
399 1472 467 1512 regi
492 1471 588 1514 fatur,

236 1518 323 1557 Quae
348 1528 503 1560 suspensa
530 1519 671 1551 crinibus

233 1566 329 1597 Iussu
354 1567 439 1606 regis
463 1566 614 1607 gravibus

281 1613 411 1654 Flagris
436 1614 616 1655 laceratur3

157 1660 198 1692 V.
234 1661 354 1693 Orante
380 1661 515 1702 Georgio

232 1708 357 1749 Regina
382 1718 454 1740 cum
478 1710 596 1751 gaudio

282 1756 387 1789 Caelis
412 1758 563 1791 sociatur.

317 1909 361 1941 In
394 1909 626 1943 Laudibus.

373 2005 571 2041 Antiphonae.

172 2071 203 2105 1.
229 2071 387 2104 Dominus
412 2072 583 2114 Georgium

276 2120 388 2152 Induit
414 2121 539 2162 decore,

228 2167 381 2200 Paratum
407 2171 455 2200 est
479 2170 594 2201 solium

278 2216 374 2248 Cuius
400 2217 435 2248 in
458 2217 588 2249 honore.

170 2311 204 2343 2.
230 2310 269 2342 In
296 2311 383 2343 dulci
407 2313 526 2345 solacio

275 2359 384 2391 Omnis
408 2363 497 2392 terra
519 2361 636 2394 iubflat

228 2406 305 2439 Cum
329 2412 439 2440 sancto
466 2408 615 2450 GeorgiO,

274 2454 334 2494 Qm·
358 2456 446 2488 velut
471 2458 520 2489 sol
545 2458 668 2492 rutilat.

798 167 856 202 68-
892 186 936 190 —-

868 264 901 296 3.
926 263 1040 303 Iniqua
1064 263 1261 303 loquentium

972 310 1061 343 Deus
1086 319 1122 342 os
1147 311 1318 345 obstruxit,

924 359 962 392 In
986 359 1096 398 polum
1119 358 1291 399 Georgium

974 407 1107 447 Quando
1132 406 1325 440 introduxit.

865 506 898 537 4.
925 504 1012 535 Laus
1041 506 1072 535 ct
1096 503 1281 535 benedictio

973 551 1023 583 Sit
1046 551 1116 583 Deo
1142 552 1274 592 viventi,

925 599 985 638 Qui
1009 602 1121 631 sancto
1148 598 1286 639 Georgio

970 648 1088 679 Astitit
1111 647 1265 679 vincenti.

865 745 895 776 5.
921 743 986 775 Pro
1010 743 1172 783 triumpho
1197 744 1326 783 penitus

971 791 1079 823 Sancti
1107 795 1170 823 tam
1196 790 1303 824 fidelis

919 838 1049 871 Laudet
1074 839 1176 870 omnis
1200 840 1335 878 spiritus

970 886 1142 918 Dominum
1169 887 1210 918 de
1235 887 1345 920 caelis,

1036 989 1083 1016 Ad
1105 989 1294 1017 Benedictus.

847 1067 891 1099 A.
924 1066 1031 1099 Cornu
1055 1067 1148 1099 nobis
1174 1068 1270 1099 hodie

920 1114 1042 1146 Salutis
1068 1118 1101 1146 et
1124 1115 1257 1155 gratiae,

966 1162 1145 1202 Martyrem
1174 1163 1347 1203 egregium,

966 1209 1102 1241 Beatum
1128 1209 1311 1251 Georgium,

1015 1258 1170 1289 Dominus
1197 1259 1309 1299 erexit,

920 1304 979 1343 Qui
1005 1309 1113 1337 castra
1140 1306 1295 1337 ecclesiae

918 1351 970 1383 De
992 1361 1144 1384 mucrone
1173 1353 1286 1385 Goliae

967 1399 1039 1431 Non
1066 1401 1168 1432 tutela
1193 1401 1299 1443 clipei⁷

967 1447 1031 1479 Sed
1056 1448 1177 1480 virtute
1200 1448 1277 1481 fidei

1014 1496 1169 1527 Valenter
1192 1497 1356 1536 protexit;

919 1542 1016 1575 Cujus
1042 1543 1130 1574 solve
1154 1544 1279 1576 meritis

964 1589 1011 1621 Et
1034 1591 1180 1622 oratione

918 1636 986 1669 Nos
1012 1647 1032 1669 a
1055 1638 1174 1670 nostris
1201 1639 1332 1681 debitis,

968 1684 1095 1717 Christe
1118 1687 1193 1718 Iesu
1218 1687 1302 1719 bone

1028 1830 1108 1862 Per
1140 1832 1290 1866 Horas.

1058 1924 1105 1951 Ad
1124 1923 1263 1953 Primam.

843 2001 885 2033 A.
919 2001 1086 2034 Laudibus
1113 2003 1286 2044 Georgium

962 2049 1070 2091 Digne
1093 2059 1292 2096 veneremur,

918 2097 1060 2130 Canticis
1084 2100 1292 2138 praeconium

963 2145 1044 2177 Eius
1069 2147 1281 2181 modulemur.

1056 2250 1103 2277 Ad
1121 2252 1262 2280 Tertiam.

840 2316 883 2351 A.
918 2317 1054 2349 Pietatis
1078 2320 1204 2352 viscera

961 2365 1050 2398 Deus
1074 2367 1232 2410 dilatavit,

913 2413 1017 2446 Istum
1040 2423 1111 2447 cum
1135 2417 1194 2449 sub
1222 2419 1357 2453 dextera

960 2462 1013 2494 De
1034 2463 1129 2496 laeva
1150 2465 1280 2501 locavit.
