1651 2700
681 146 941 183 —199—

485 241 516 273 3.
545 240 730 275 Passionem
759 253 830 276 cum
855 246 1000 287 speravit

546 289 597 321 Ac
621 293 749 331 tempus
775 294 1021 336 amarissimum,

545 336 663 370 Servos
690 348 764 371 suos
791 342 980 374 convocavit

542 386 595 418 Ad
625 395 735 418 cenam
761 397 818 420 seu
844 390 1026 434 prandium,

543 433 648 466 Pedes
674 435 787 467 horum
813 436 867 469 hic
889 438 1009 469 lavavit

545 482 636 515 Dans
661 483 729 514 illis
755 485 845 523 pacis
872 486 1014 517 osculum

544 531 596 562 Ac
619 531 654 562 in
681 531 786 563 cibum
814 541 849 564 se
876 532 1009 564 donavit

543 578 590 611 Et
614 579 801 619 sanguinem
827 580 860 612 in
886 581 1048 622 poculum,

542 626 693 659 Nostram
720 628 820 659 vitam
846 629 1011 670 reparavit

540 676 604 708 Per
630 675 691 707 hoc
716 676 978 718 sacratissimum,

539 724 630 755 Iesus
657 723 869 764 Christusque
893 726 1061 757 mandavit

538 771 730 803 Memoriam
757 781 817 812 per
843 773 1026 815 saeculum,

537 819 603 852 Hic
627 828 685 851 nos
713 823 801 851 certe
824 820 1006 862 luminavit,

540 864 669 912 [Quem]
697 868 844 901 videmus
870 878 930 910 per
948 870 1125 910 speculum.

216 920 244 956 2,
265 920 285 949 4
304 922 360 950 his.
382 937 419 942 —-
441 922 467 959 2,
492 921 525 951 11
548 923 604 951 his.

597 1000 638 1028 21.
682 999 818 1037 Hymnus
840 999 877 1030 ‹le
901 999 1015 1031 eodem.

151 1057 184 1090 1.
212 1056 454 1090 Sacramentum
480 1068 671 1091 veneremur
851 1062 881 1093 2.
910 1061 962 1093 Ex
988 1070 1024 1093 eo
1051 1063 1268 1093 sacratissimo

210 1104 284 1136 Hoc
309 1115 469 1138 summum
495 1116 552 1138 nos
578 1110 732 1150 amantes,

211 1151 282 1184 Sibi
307 1162 418 1185 omnes
446 1154 663 1197 subiugemur,

208 1200 297 1232 Illud
322 1201 411 1241 digni
436 1210 494 1233 nos
520 1204 686 1242 gustantes

209 1247 278 1280 Nos
303 1248 344 1280 ab
372 1257 409 1281 eo
438 1250 669 1291 disgregemur,

209 1296 298 1328 illud
324 1297 423 1329 simus
448 1307 508 1330 nos
533 1300 706 1340 sectantes,

209 1344 291 1377 Eius
317 1354 445 1385 semper
470 1354 694 1386 memoremur,

208 1392 314 1425 Simus
341 1394 439 1426 corde
464 1396 707 1434 prosequentes,

208 1441 247 1473 In
274 1442 336 1473 hoc
361 1442 468 1473 cuncti
495 1442 703 1484 delectemur,

211 1489 313 1521 Simul
339 1490 463 1522 mixtim
490 1490 696 1522 lacrimantes

208 1539 258 1570 Ac
280 1538 314 1570 in
341 1538 470 1571 Christo
495 1547 690 1580 recreemur,

208 1586 352 1618 Mentem
378 1590 521 1619 nostram
545 1586 771 1626 reformantes,

208 1635 255 1668 Ut
280 1643 340 1674 per
363 1635 468 1675 ipsum
495 1635 722 1678 gubernemur,

208 1682 277 1714 Nos
305 1683 440 1715 virtutes
467 1682 697 1715 confortantes.

908 1109 1130 1140 Lacrimantes
1158 1110 1345 1142 exsultemus

909 1156 960 1188 Ex
985 1156 1057 1196 ipso
1084 1156 1332 1189 clementissimo

910 1204 977 1235 Nos
1005 1204 1143 1236 dolendo
1168 1204 1339 1237 iubilemus

908 1252 946 1284 In
973 1258 1074 1291 eoque
1101 1252 1286 1285 dulcissimo

906 1299 974 1331 Nos
1002 1299 1098 1340 digne
1124 1298 1212 1342 [nos]
1238 1309 1430 1344 recreemus,

905 1347 989 1379 Nam
1015 1348 1058 1378 sit
1084 1349 1356 1390 commemoratio,

905 1395 988 1427 Esse
1014 1404 1170 1427 memores
1196 1396 1361 1437 debemus,

904 1443 943 1475 In
968 1443 1062 1475 nobis
1088 1444 1132 1475 sit,
1158 1443 1328 1486 confessio,

906 1491 973 1523 Nos
1000 1492 1131 1523 contriti
1156 1492 1350 1535 adoremus3

906 1540 1100 1573 Cunctorum
1127 1543 1176 1572 est,
1202 1540 1358 1584 defensio,

905 1587 973 1620 Nos
999 1597 1058 1628 per
1082 1589 1189 1628 ipsum
1215 1589 1407 1628 obtinemus,

909 1636 1118 1668 Peccatorum
1146 1640 1196 1669 est
1221 1638 1380 1679 remissio,

906 1685 988 1717 Nam
1014 1685 1048 1716 in
1076 1686 1165 1717 caelo
1191 1695 1250 1718 nos
1276 1686 1431 1720 vivemus

449 1742 480 1774 3.
508 1740 606 1772 Hunc
632 1741 736 1773 cibum
763 1739 816 1785 [is]
845 1742 899 1782 qui
925 1744 1102 1775 manducat

507 1788 614 1829 Digne
640 1789 891 1830 sanguinemque
916 1790 1009 1834 bibit,

507 1841 610 1869 Actus
638 1841 696 1877 est⁷
724 1840 760 1869 ut
784 1847 878 1879 quem
904 1840 1041 1872 reducat

507 1885 571 1917 Hic
594 1886 636 1918 ad
663 1887 778 1927 locum,
805 1888 892 1920 unde
918 1888 1015 1931 venit,

505 1933 609 1966 Datus
637 1938 694 1978 est,
725 1938 760 1966 ut
784 1945 843 1968 nos
871 1936 1032 1968 conducat

504 1983 568 2016 Hic
593 1983 634 2015 ad
661 1983 771 2024 vitam,
800 1993 893 2025 quam
921 1986 1082 2026 concedit,

505 2032 662 2065 Constans
688 2035 807 2074 manet,
834 2042 963 2074 semper
990 2034 1096 2074 durat,

505 2081 747 2114 Sacramentum
772 2091 934 2122 nunquam
962 2083 1060 2124 perit,

503 2128 571 2160 Nos
598 2128 761 2161 confortat
786 2138 844 2161 seu
870 2134 971 2170 curat,

503 2175 627 2209 Cuncta
650 2178 799 2218 malaque
824 2178 964 2220 delevit3

502 2225 621 2258 Tristis
648 2226 753 2266 homo,
780 2227 835 2266 qui
860 2227 1009 2267 periurat

504 2274 626 2307 Contra
651 2275 758 2314 ipsum
784 2275 837 2307 vel
862 2276 997 2314 recedit,

501 2323 593 2363 Quod
622 2332 683 2355 non
711 2323 849 2365 quaerit,
876 2332 912 2355 se
937 2323 1104 2366 obscurat,

503 2370 633 2411 Credat,
659 2380 698 2403 se
724 2371 810 2411 quod
836 2372 900 2403 iam
929 2370 1059 2404 defecit.

208 2425 232 2461 1,
250 2424 267 2453 2
288 2426 364 2455 fehlt
384 2428 451 2455 eine
473 2427 571 2463 Silbe3
599 2428 655 2455 lies
677 2428 823 2464 Hocque?
844 2443 883 2447 —
909 2426 933 2462 1,
955 2426 972 2456 9
994 2429 1030 2456 In
1052 2437 1096 2456 eo.
1120 2444 1156 2448 -
1181 2427 1205 2463 1,
1229 2427 1266 2458 10
1286 2431 1408 2459 mistim.
1428 2447 1468 2452 —

125 2464 154 2501 2,
175 2463 192 2493 6
215 2474 391 2494 recreemur.
416 2481 452 2485 —
472 2465 499 2501 2,
520 2464 537 2494 9
560 2467 704 2494 confexio.
725 2481 765 2485 —
786 2464 813 2501 3,
833 2465 854 2495 4
872 2467 932 2495 his.
953 2482 989 2486 —
1008 2465 1035 2501 3,
1059 2466 1076 2496 6
1098 2465 1155 2496 his.
