1651 2700
740 163 781 167 ——
834 141 902 176 140
952 161 999 165 —

676 235 723 266 58.
767 235 809 266 De
829 237 943 266 sancta
961 234 1066 266 Lucia.

224 307 254 340 1.
279 307 361 348 Ave,
387 307 477 347 virgo
502 306 619 339 nobilis

330 356 355 388 O
382 354 591 396 Syracusana,

280 402 389 446 Lucia,
417 401 590 434 immobilis

331 450 419 490 Quae
443 453 509 482 stas
535 449 600 482 fide
625 459 712 486 sana,

282 498 445 531 Praesidis
469 497 619 538 ignobilis

330 546 426 578 Dicta
450 545 575 587 spernis
600 554 692 586 vana,

282 593 405 625 Vulnus
431 601 553 632 poenae
578 592 687 624 labilis

324 640 436 672 Mente
460 639 572 672 suffers
598 641 704 679 plana.

225 718 256 748 2.
283 716 365 755 Ave,
393 724 475 757 ecce,
500 716 631 747 nimium

331 763 455 796 Gravor
477 763 535 794 sub
561 765 705 803 peccato,

283 811 360 850 Opis
386 810 506 850 praebe
528 810 693 842 brachium

328 857 411 890 Mihi
438 858 592 897 desolato,

282 905 402 938 Contra
426 914 518 936 omne
543 905 653 937 vitium

328 952 385 985 Me
408 961 492 984 nunc
518 952 706 992 confortato,

283 1001 382 1033 Placa
406 1008 513 1040 regem
539 1000 677 1032 omnium

330 1048 515 1079 Interventu
541 1051 641 1088 grato,

912 308 942 340 3.
969 307 1050 346 Ave,
1079 305 1119 337 de
1143 304 1333 337 mortalibus

1014 353 1071 386 Me
1095 354 1184 385 solve
1205 353 1347 393 peccatis

968 402 1012 434 Et
1039 402 1078 433 de
1103 401 1283 433 venialibus

1016 449 1120 489 Saepe
1144 449 1270 480 iteratis

970 498 1032 530 Per
1056 499 1090 528 te
1113 496 1226 536 primis
1251 495 1390 528 motibus

1015 545 1053 576 In
1078 553 1130 575 me
1154 544 1343 584 temperatis

970 591 1032 631 Sic,
1060 598 1096 623 ut
1115 592 1173 623 sim
1200 592 1233 623 iu
1256 591 1382 623 actibus

1015 639 1140 671 Dehinc
1165 639 1306 679 pietatis.

908 717 940 749 4.
966 716 1046 756 Ave,
1074 724 1124 747 me
1150 716 1203 747 hic
1229 715 1339 747 vivere

1014 763 1065 795 Da
1086 763 1155 794 sine
1180 763 1320 805 querela,

967 810 1111 852 Modum,
1138 819 1199 850 quo
1225 810 1384 849 proficere

1018 858 1159 898 Valeam‚
1187 858 1305 897 revela,

972 906 1062 936 Viam
1084 905 1171 938 vitae
1197 906 1342 944 pandere

1017 952 1197 993 Dignanter
1221 953 1346 995 anhela,

971 1000 1052 1032 Nam
1079 1000 1149 1032 vult
1172 1003 1247 1040 post
1271 1004 1303 1031 te
1329 1008 1458 1032 currere

1017 1048 1093 1080 Mea
1118 1056 1206 1079 mens
1233 1048 1357 1080 anhela.

611 1126 641 1157 5.
669 1125 748 1164 Ave,
777 1125 816 1156 de
841 1123 1011 1157 virtutibus

714 1172 768 1203 Ad
792 1174 931 1204 montem
958 1172 1110 1202 virtutum

666 1219 722 1251 Me
749 1219 820 1259 duc,
847 1219 886 1250 ab
911 1219 1112 1250 obstantibus

719 1268 787 1299 lter
808 1269 939 1306 praesta
959 1269 1072 1307 tutum,

669 1313 798 1345 Cunctis
823 1314 1084 1353 impugnantibus

712 1361 768 1393 Me
793 1364 825 1393 te
850 1361 928 1393 offer
953 1365 1085 1404 scutum,

669 1409 768 1449 Iunge
788 1418 839 1440 me
865 1409 1056 1441 caelestibus

718 1455 829 1488 Gloria
850 1457 1007 1490 indutum.

290 1522 316 1549 A
336 1521 386 1549 fol.
407 1519 469 1549 :3021
510 1530 534 1557 q.
560 1535 596 1539 —
619 1521 676 1549 Cfr.
696 1522 785 1549 Anal.
806 1522 860 1554 m,
884 1520 948 1550 196.
969 1538 1006 1542 —
1027 1520 1053 1555 ἒ),
1075 1522 1091 1549 7
1114 1523 1150 1550 de
1170 1524 1385 1552 criminalibus.

677 1614 724 1645 59.
762 1614 804 1645 De
824 1616 931 1646 sancto
952 1615 1063 1647 Marco.

225 1684 255 1718 1.
281 1684 364 1725 Ave.
391 1684 459 1715 veri
484 1684 612 1715 luminis

331 1732 355 1764 O
383 1731 588 1772 evangelista,

282 1779 405 1819 Marce,
433 1779 516 1811 sacri
543 1780 681 1811 numinis

329 1826 454 1859 Fidelis
480 1828 625 1870 sacrista,

283 1874 431 1915 Praesta,
455 1883 496 1906 ne
521 1883 571 1906 me
598 1876 739 1907 criminis

333 1920 517 1953 Confundat
541 1923 670 1962 artista,

284 1968 349 2001 Sed
377 1969 476 2001 divini
504 1970 654 2001 carminis

331 2016 424 2048 Fiam
452 2017 629 2049 citharista.

224 2094 257 2126 2.
283 2092 364 2130 Ave,
392 2093 548 2133 evangelii

332 2140 392 2178 Qui
417 2140 531 2172 scribis
559 2141 748 2182 doctrinam,

283 2187 439 2219 Salutaris
465 2189 574 2228 gaudii

331 2235 447 2267 Dantis
476 2236 679 2278 medicinam,

283 2283 344 2322 Da,
371 2292 412 2315 ne
437 2285 620 2316 exterminii

334 2330 442 2363 Labar
466 2332 500 2364 in
524 2333 685 2372 latrinam,

285 2378 395 2410 Omnis
421 2388 480 2419 per
506 2383 539 2411 te
563 2381 634 2411 vit-ii

332 2425 480 2459 Evadam
505 2428 639 2460 ruinam.

913 1686 944 1718 3.
970 1687 1051 1726 Ave,
1078 1687 1133 1726 qui
1158 1686 1315 1727 prodigiis

1021 1733 1180 1766 Glarescis
1204 1740 1236 1766 et
1260 1735 1369 1778 signis,

971 1782 1061 1813 Inter
1086 1785 1196 1822 gentes
1221 1783 1321 1814 variis

1018 1829 1180 1862 Mirandis
1204 1831 1350 1874 insignis,

971 1877 1042 1909 Tua
1065 1887 1163 1917 prece
1188 1879 1284 1910 sociis

1019 1925 1139 1965 Iungar
1163 1925 1234 1958 Deo
1262 1926 1377 1970 dignis,

972 1971 1023 2003 Ne
1047 1981 1098 2003 me
1121 1973 1155 2004 in
1180 1973 1349 2013 suppliciis

1021 2020 1123 2051 Voret
1146 2021 1259 2053 mortis
1285 2021 1380 2062 ignis,

939 2120 946 2127 .
974 2097 1055 2137 Ave,
1082 2097 1318 2130 Alexandriam

1024 2144 1151 2177 Virtute
1176 2146 1341 2186 signorum

975 2192 1034 2231 Qui
1060 2201 1155 2225 vocas
1182 2194 1224 2226 ad
1250 2195 1387 2236 gratiam

1023 2240 1119 2280 Regis
1145 2242 1341 2283 angelorum,

975 2287 1057 2319 Dele
1081 2288 1288 2321 insolentiam

1024 2335 1188 2368 Scelerum
1212 2346 1357 2370 meorum

975 2384 1116 2415 Actuum
1141 2383 1358 2425 frequentiam

1028 2431 1203 2465 Conferens
1229 2433 1395 2469 bonorum.
