1651 2700
177 1060 208 1092 1.

179 1286 200 1316 [ὑ

185 2226 205 2256 [Ο

701 181 744 185 —
795 162 839 195 30
889 180 936 184 -

436 258 467 288 7.
494 256 675 296 Nostraque
700 257 820 288 inclitis
849 257 988 289 describi
1013 258 1141 289 nomina

489 303 631 335 Procura
651 304 773 335 meritis
798 304 831 336 in
857 305 941 336 vitae
965 305 1099 347 paginas

495 351 539 383 Ut
563 351 629 391 poli
654 352 769 383 solium
793 355 867 391 post
891 352 952 384 hoc
977 353 1123 384 exsilium

542 398 712 438 Capiamus
738 398 886 432 feliciter.

433 485 465 517 8.
493 484 582 515 Patri
607 484 748 523 ingenito
775 484 877 515 honor
903 487 935 515 et
956 485 1068 524 gloria,

492 531 542 562 Sit
565 531 728 570 unigenito
755 531 851 570 salus,
878 532 1014 563 victoria

491 578 633 617 Benigno
658 576 778 609 flamini
805 578 856 619 sit,
883 579 967 610 trino
993 578 1113 610 numini

536 625 619 656 Laus
645 625 686 655 sit
711 634 795 656 nunc
819 630 850 656 et
875 626 1067 664 perenniter.

248 709 270 736 15
290 709 339 736 fol.
363 707 416 736 167
437 708 462 733 7.
485 709 512 736 b.
533 722 565 726 -—
586 708 668 735 Nach
684 708 740 735 Str.
761 706 788 735 4.
809 709 937 736 Divisio.
957 723 994 727 —
1015 708 1082 744 Vgl.
1097 708 1183 736 Anal.
1197 709 1240 736 IV
1253 706 1316 742 145¹
1338 707 1479 735 woselbst

163 746 259 773 dieser
275 746 411 781 Hymnus
433 746 477 773 als
499 746 553 780 „de
573 754 595 772 5.
611 743 756 781 Georgio“
776 747 935 781 mitgeteilt
947 748 986 774 ist
998 754 1051 773 aus
1065 746 1329 782 Herzogenburger
1344 745 1478 779 Quellen,

160 785 192 810 in
212 784 306 811 denen
327 792 357 811 er
378 783 441 810 sich
461 784 509 810 bci
530 783 593 810 dem
616 782 911 818 Georgius-Officium
932 783 1084 811 Christans
1104 783 1204 811 findet.

594 894 618 924 6.
662 894 701 924 De
723 895 832 925 sancto
855 894 1048 925 colomanno.

679 974 741 1006 Ad
768 974 970 1006 Tertiam.

236 1059 358 1100 Gaude,
385 1068 403 1091 ο
429 1057 507 1091 felix
534 1059 677 1094 Austrin,

237 1106 360 1139 Cedant
385 1107 521 1138 adversa
545 1106 683 1148 penitus,

238 1153 319 1185 Veni
344 1162 459 1193 augere
484 1153 601 1193 gaudia

236 1201 345 1232 Nunc
357 1204 492 1232 sancte
506 1200 619 1232 nobis
633 1201 811 1241 spiritus.

204 1309 212 1317 .
239 1284 365 1316 Laudes
392 1293 541 1316 conemur
568 1284 712 1316 cantibus

241 1332 434 1364 Colomanno
463 1332 651 1371 depromere

238 1379 329 1411 Novo
354 1380 387 1410 in
413 1379 530 1411 nostris
555 1379 701 1418 partibus

236 1426 318 1458 Iam
345 1426 454 1458 lucis
480 1429 574 1457 orto
599 1426 752 1459 sidere.

210 1537 216 1544 .
245 1512 376 1544 Gratiae
402 1512 645 1543 charismatibus

242 1560 470 1593 colomannum
495 1560 655 1599 egregium

242 1607 370 1639 Ornasti
398 1611 430 1638 et
454 1607 637 1647 virtutibus,

239 1654 324 1686 Rex
339 1655 508 1697 Christe,
524 1653 652 1686 factor
665 1655 840 1689 omnium.

247 1740 269 1766 B
289 1739 338 1766 fol.
362 1737 415 1766 167
437 1740 464 1767 b.
488 1747 530 1775 jq.

864 1061 895 1091 4.
923 1060 987 1091 Per
1011 1068 1124 1099 aquam
1152 1062 1184 1090 et
1207 1059 1388 1091 incendium

924 1106 1021 1138 Necis
1047 1107 1131 1138 hunc
1155 1106 1374 1138 amarissimae

923 1153 1022 1185 Ducis
1047 1154 1077 1184 in
1105 1152 1314 1196 refrigerium,

921 1202 1111 1232 Aeterne
1135 1209 1209 1232 rex
1233 1201 1420 1232 altissim
1433 1209 1461 1234 e.

889 1311 895 1319 .
925 1286 1062 1318 Odorem
1089 1285 1154 1327 dat,
1182 1293 1252 1317 cum
1278 1283 1449 1327 frangitur,

923 1332 1057 1364 Dulcem
1083 1341 1139 1364 vas
1165 1333 1421 1376 pigmentarium,

923 1379 990 1411 Dat
1014 1383 1137 1419 martyr
1154 1380 1216 1422 hic,
1243 1389 1314 1412 oum
1331 1381 1476 1421 moritur,

925 1427 1100 1467 Magnum
1126 1428 1265 1459 salutis
1283 1429 1478 1468 gaudium.

890 1539 896 1546 .
924 1513 1106 1555 Precamur,
1134 1512 1341 1546 multifariam

923 1560 979 1592 Ad
1004 1560 1116 1599 lucem,
1144 1570 1237 1600 quam
1261 1562 1433 1605 inhabitas,

926 1608 1004 1639 Post
1026 1608 1108 1639 hane
1131 1617 1189 1640 nos
1216 1609 1277 1641 duc
1302 1610 1459 1651 militiam,

925 1655 949 1687 O
976 1655 1067 1696 lux,
1095 1655 1219 1688 beata
1242 1658 1436 1692 trinitas,

594 1832 620 1861 7.
662 1832 704 1862 De
725 1832 833 1863 sancto
856 1831 1046 1863 colomanno.

605 1911 669 1943 Ad
695 1911 1042 1951 Completorium.

210 2022 216 2028 .
246 1995 431 2028 Colomanni
455 1996 496 2028 da
520 1996 670 2035 precibus

240 2043 342 2075 Nobis
367 2044 501 2075 laudare
524 2043 694 2075 Dominum

240 2090 384 2132 Devotis‚
408 2091 492 2131 Iesu,
519 2091 667 2123 laudibus

240 2138 295 2170 Te
320 2139 430 2169 lucis
455 2141 555 2170 ante
580 2139 794 2172 terminum.

210 2249 217 2256 .
245 2224 372 2256 Virtute
396 2224 486 2255 solve
510 2224 605 2256 solita

243 2272 432 2304 Nostrorum
458 2274 527 2303 rete
549 2272 705 2304 scelerum

241 2319 306 2351 Per
330 2320 423 2351 huius
444 2319 548 2351 sancti
569 2321 692 2361 merita,

243 2366 447 2399 Conditor
472 2368 511 2399 al
524 2377 580 2400 me
598 2368 795 2400 siderum.

245 2453 269 2480 B
290 2452 339 2480 fol.
365 2450 426 2480 168.
448 2461 474 2480 a.
495 2467 534 2471 —

869 1999 901 2031 3.
928 1998 1039 2030 Soluta
1064 1999 1169 2029 carnis
1194 1999 1321 2031 sarcina

927 2045 1019 2078 Omni
1046 2046 1171 2077 deterso
1195 2046 1274 2078 vitio

925 2092 993 2124 Nos
1020 2092 1081 2124 duc
1106 2093 1148 2125 ad
1171 2094 1239 2133 poli
1263 2095 1382 2136 limina,

925 2140 1042 2183 Iesu,
1068 2143 1211 2173 nostra
1236 2143 1481 2184 redemptio.

869 2229 899 2259 4.
927 2225 976 2258 Sit
1000 2235 1084 2258 nunc
1105 2226 1159 2258 hic
1184 2228 1216 2258 et
1238 2227 1271 2258 in
1296 2229 1402 2268 patria

933 2274 1015 2306 Vera
1039 2274 1131 2306 nobis
1158 2273 1307 2315 felicitaS‚

926 2322 1013 2355 Laus
1034 2322 1094 2353 tibi
1118 2322 1161 2354 sit,
1186 2325 1218 2354 et
1241 2323 1353 2364 gloria,

928 2370 953 2402 O
974 2370 1063 2410 lux,
1091 2370 1110 2402 b
1122 2374 1214 2403 eata
1238 2371 1435 2406 trinitas.
