1651 2700
662 115 923 151 —215—

166 235 174 243 .
202 210 279 243 Fuit
304 210 376 243 Eva
402 219 498 243 causa
518 211 642 253 mortis,

202 258 250 292 Ut
273 258 336 291 iam
363 259 501 291 mundus
529 259 748 302 damnaretur,

202 307 282 348 Fuit
304 307 378 348 ipsa
404 316 500 340 causa
523 307 638 350 noctis,

202 355 249 389 Ut
273 356 338 389 iam
363 356 471 388 lumen
496 355 699 396 perderetur,

205 403 269 437 Sed
296 407 342 446 tu,
368 404 470 447 virgo,
499 412 595 435 causa
619 402 723 446 fortis,

203 452 248 485 Ut
273 453 328 484 hic
352 452 489 484 mundus
516 452 706 485 salvaretur.

836 214 868 248 4.
895 213 978 246 Nam
1003 213 1064 246 tibi
1089 213 1257 256 sapientia,

896 261 1069 303 Divinitas,
1096 261 1271 300 humilitas,

894 309 933 341 In
958 312 991 341 te
1015 309 1220 342 oboedientia

896 357 942 389 Et
965 357 1106 397 castitas,
1133 357 1314 398 virginitas,

897 406 948 437 Ac
973 408 1023 437 est
1046 406 1079 437 in
1105 409 1138 437 te
1162 405 1330 437 clementia

897 452 942 484 Et
967 453 1080 494 virtus,
1106 453 1204 495 salus,
1233 453 1360 485 caritas.

529 571 581 603 44.
622 571 761 611 Hymnus
783 571 866 603 alius
887 571 925 603 de
947 571 1063 603 eadem.

171 669 178 677 .
205 644 265 684 Tu,
293 643 392 686 virgo,
417 643 510 675 nobis
535 643 687 684 gaudium

205 692 251 724 Et
275 695 310 723 tu
335 691 428 724 nobis
454 692 605 729 salutare,

206 740 255 774 Tu
281 740 374 772 nobis
401 748 434 771 es
460 740 625 783 solacium,

207 788 257 821 Tu
284 788 426 829 digneris
451 796 510 820 nos
535 788 672 828 salvare,

207 836 276 869 Nos
303 837 401 869 ducas
425 836 467 868 ad
494 835 659 879 palatium,

206 885 253 918 Ut
277 885 436 925 possimus
461 884 496 916 id
521 884 655 918 intrare.

176 979 183 986 .
211 954 248 986 In
275 956 308 985 te
333 955 443 984 natum
469 952 589 992 lignum
616 952 712 995 vitae,

206 1001 247 1033 Id
274 1000 381 1032 omnia
405 999 582 1042 vivificans,

207 1049 247 1081 In
270 1052 303 1080 te
328 1046 511 1087 humileque
536 1047 623 1087 mite,

207 1097 252 1129 Et
277 1098 313 1128 tu
336 1096 467 1136 perdita
492 1099 687 1137 restaurans,

209 1144 246 1176 In
275 1147 307 1175 te
332 1146 441 1175 manet
465 1143 567 1174 virtus
593 1143 666 1184 rite,

208 1193 259 1224 Tu
283 1190 397 1223 fideles
425 1190 544 1223 Christi
569 1190 709 1222 salvans.

173 1285 180 1294 .
207 1260 311 1292 Beata
334 1261 391 1291 tua
416 1258 541 1290 viscera

209 1308 387 1340 Portarunt
410 1306 473 1339 Dei
498 1305 611 1346 filium,

207 1356 311 1389 Beata
334 1359 391 1386 tua
414 1354 515 1386 ubera

211 1404 391 1437 Lactarunt
415 1402 521 1443 ipsum
546 1402 660 1442 lilium,

212 1451 383 1485 Mundasti
408 1454 519 1483 nostra
544 1450 677 1492 scelera,

210 1500 262 1532 Tu
289 1499 411 1531 cunctis
437 1508 470 1531 es
496 1498 661 1531 auxilium.

173 1593 181 1602 ,
211 1569 260 1601 Tu
285 1569 463 1606 mansueta,
490 1566 631 1606 humilis,

209 1617 255 1650 Et
280 1616 420 1648 clemens
446 1612 593 1657 pia[que]
621 1613 719 1654 mitis,

211 1665 261 1697 Tu
286 1663 464 1704 fructuosa,
490 1662 610 1695 nobilis

209 1713 323 1753 Tuque
348 1712 477 1744 virtutis
504 1707 568 1755 [es]
592 1710 683 1756 vitis,

209 1761 255 1793 Et
280 1760 370 1792 nulla
394 1759 454 1791 tibi
479 1759 593 1792 similis

208 1810 248 1842 In
276 1808 423 1850 potentia
448 1808 500 1840 vel
527 1807 613 1841 ditiS.

174 1905 181 1912 .
209 1877 407 1918 Populorum
434 1876 594 1908 advocata

208 1927 255 1960 Es
281 1934 342 1967 pro
367 1924 461 1957 nobis
487 1924 703 1965 intercedens,

210 1976 260 2008 Tu
287 1983 320 2007 es
346 1980 470 2006 memor
494 1976 591 2013 atque
617 1973 709 2014 grata

209 2024 255 2057 Et
280 2023 420 2063 benigna
441 2030 498 2054 seu
525 2022 675 2063 clemens,

208 2073 259 2105 Tu
286 2070 377 2104 fuisti
401 2071 542 2103 salutata

209 2120 418 2154 Sanctissime
444 2118 639 2159 concipiens.

865 645 896 678 6.
923 643 974 675 Tu
999 652 1032 675 es
1058 647 1168 675 nostra
1194 643 1366 675 mediatrix

923 692 969 724 Et
993 692 1048 724 lux
1075 691 1184 723 mundi
1209 691 1375 731 luminosa,

924 740 973 774 Tu
998 749 1078 780 prae
1103 739 1226 771 cunctis
1253 748 1286 771 es
1311 739 1438 771 beatrix

922 789 968 821 Et
991 791 1026 819 tu
1051 788 1145 820 nimis
1170 788 1322 828 gratiosa,

924 836 1017 868 Viam
1044 845 1077 867 es
1102 839 1214 868 secuta
1237 836 1349 876 patris,

924 884 973 916 Tu
997 884 1151 916 virtutum
1176 892 1339 924 generosa.

891 977 898 985 .
926 951 960 984 Si
984 951 1077 983 nobis
1102 954 1137 983 tu
1163 950 1328 992 deficeres,

924 999 1128 1031 Haberemur
1154 997 1305 1039 diffidati,

925 1047 960 1080 Si
984 1049 1072 1079 recto
1097 1055 1156 1078 nos
1180 1046 1355 1087 proiceres‚

924 1095 1132 1126 Maneremur
1158 1094 1371 1136 condemnati,

926 1142 961 1174 Si
984 1141 1078 1174 nobis
1103 1150 1167 1173 non
1193 1141 1371 1183 assisteres‚

925 1190 992 1222 Nos
1019 1197 1159 1221 essemus
1187 1189 1352 1221 debellati.

892 1284 899 1291 .
925 1257 975 1289 Tu
1001 1266 1060 1297 pro
1086 1256 1188 1298 nobis,
1216 1257 1318 1296 virgo,
1346 1265 1403 1288 ora

924 1305 970 1337 Et
993 1314 1053 1345 pro
1078 1304 1172 1336 nobis
1197 1304 1374 1346 intercede,

927 1352 1089 1385 Christum
1115 1355 1261 1384 sanctum
1286 1353 1321 1383 tu
1348 1360 1447 1384 exora

926 1400 1030 1433 Nobis
1056 1401 1193 1442 gratiam
1220 1400 1370 1438 concede,

927 1449 974 1481 Ut
997 1449 1032 1480 in
1057 1452 1188 1481 nostrae
1213 1448 1325 1480 mortis
1351 1448 1431 1480 hora

927 1497 995 1529 Nos
1019 1497 1200 1529 scribamur
1225 1505 1284 1536 pro
1310 1496 1443 1529 herede.

893 1591 900 1597 .
928 1564 1077 1597 Sanctam
1104 1564 1244 1596 Mariam
1271 1564 1374 1605 cogita

926 1613 964 1646 In
992 1612 1138 1645 omnibus
1163 1612 1307 1654 laetitiis,

928 1660 1079 1693 Sanctam
1105 1661 1243 1693 Mariam
1269 1660 1384 1692 invoca

928 1710 967 1742 In
992 1708 1138 1741 omnibus
1165 1708 1330 1750 molestiis,

929 1756 997 1790 Sibi
1024 1757 1149 1789 Mariae
1177 1756 1333 1797 supplica=

929 1805 976 1838 Ut
997 1806 1087 1838 iuvet
1111 1808 1144 1836 te
1170 1804 1211 1837 ab
1238 1805 1357 1845 impiis.

894 1900 902 1909 .
929 1874 1008 1914 Ipsa
1032 1873 1157 1914 petenti
1181 1873 1321 1905 adnuens

929 1922 1033 1962 Iuvat,
1062 1922 1236 1954 clamantes
1261 1920 1395 1963 relevat,

930 1972 1009 2012 Ipsa
1031 1969 1147 2002 fideles
1175 1969 1313 2010 diligens

930 2019 1035 2051 Deum
1060 2028 1120 2059 pro
1145 2018 1226 2059 ipsis
1252 2019 1382 2059 rogitat,

931 2068 1009 2108 Ipsa
1033 2070 1205 2108 precantes
1231 2067 1365 2099 audiens

931 2116 1076 2158 Semper,
1098 2119 1135 2148 ut
1159 2114 1273 2158 prosit,
1301 2117 1467 2155 properat.

462 2188 513 2220 11.
543 2185 646 2219 Geras
672 2193 801 2226 semper
826 2187 862 2216 tu
886 2184 921 2216 in
945 2186 1053 2215 mente

545 2235 695 2267 Sanctam
721 2233 862 2266 Mariam
889 2232 1058 2273 virginem,

546 2285 657 2328 Ipsam
682 2290 824 2323 rogaque
849 2283 982 2320 attente,

545 2332 613 2364 Dat
635 2331 695 2363 tibi
722 2330 945 2368 valitudinem,

547 2380 621 2412 Non
647 2379 787 2412 laederis
814 2381 849 2410 tu
874 2379 1019 2418 repente,

548 2428 616 2461 Dat
640 2427 704 2460 tibi
727 2425 964 2460 fortitudinem.
