1651 2700
683 126 848 162 —225
901 148 945 153 —-

570 217 616 249 62.
656 219 795 259 Hymnus
816 228 913 261 super
934 221 1050 253 eodem.

159 307 192 341 1.
216 307 345 349 Religio
364 307 525 347 ,solacium
881 312 913 344 6.
940 311 1039 344 Stetis
1066 321 1122 345 vos
1146 313 1180 345 in
1207 312 1341 346 caritate

218 355 393 397 Animique
414 356 553 397 requies,
939 359 1089 400 Legeque
1113 360 1272 401 altissimi,

217 403 408 444 Aedificans‘
433 404 600 446 palatium,
940 406 1017 439 Sitis
1042 416 1099 440 vos
1124 408 1158 441 in
1184 409 1362 451 honestate,

222 451 318 485 Cuius
343 452 481 495 pulchra
506 451 648 493 specics‚·
939 454 1070 487 Virtute
1094 456 1267 497 purissimi,

219 499 420 533 Gonfirmans
445 501 575 542 longum
599 501 751 542 spatium,
940 502 1039 534 Stetis
1064 512 1122 536 vos
1145 504 1180 536 in
1204 504 1339 547 unitate,

220 548 283 581 Ubi
310 552 360 580 est
384 548 550 582 meridies.
939 550 978 582 In
1005 560 1114 583 amore
1139 552 1287 592 proximi.

160 645 193 678 2.
220 642 299 676 Sitis
320 643 394 676 Deo
421 642 563 677 dedicati
881 646 913 679 ¹7.
940 646 977 679 In
1003 647 1151 687 personis
1177 647 1255 688 quid
1281 646 1463 688 fundamus,

218 691 283 723 Vos
308 691 379 730 Deo
404 692 611 733 disponentes
938 694 1027 734 Quae
1053 694 1116 727 cito
1139 694 1345 728 moriuntur?

215 739 260 771 Et
285 749 349 772 non
374 740 446 772 sitis
471 744 559 774 retro
587 742 655 774 dati
938 742 1004 775 Res
1029 743 1208 776 mundanas
1225 744 1303 784 quid
1321 752 1475 788 amamus,

217 786 382 821 Promissa
408 788 619 830 dimittentes,
939 790 1027 830 Quae
1052 792 1116 824 cito
1141 790 1394 832 disperguntur?

217 833 377 868 Obo‘edite
402 834 510 870 vestro
536 838 634 879 patri,
939 838 1003 871 Res
1039 834 1165 872 divinas
1190 849 1248 872 nos
1275 849 1477 881 quaeramus,

219 883 283 916 Vos
310 884 400 917 eritis
426 889 607 926 regnantes.
937 887 1026 926 Quae
1058 897 1219 928 nunquam
1246 888 1475 922 dissolvuntur.

157 980 190 1013 3.
218 977 414 1013 Cruciantur
439 981 518 1014 satis
545 983 645 1023 magis
878 983 911 1016 8.
937 983 1006 1015 Ista
1031 986 1161 1015 terrena
1186 986 1355 1016 transeunt

217 1028 257 1061 In
282 1028 403 1061 mundo
428 1031 622 1071 saeculares,
936 1031 1033 1071 Quasi
1059 1040 1142 1071 aqua
1166 1029 1316 1073 fluminis,

216 1075 317 1108 Nulla
341 1076 433 1109 vobis
459 1085 536 1109 cura
560 1078 679 1119 gravis,
937 1078 1010 1111 Cito
1036 1078 1199 1111 mundana
1222 1084 1370 1120 pereunt,

216 1123 277 1162 Qui
303 1124 380 1156 estis
406 1126 584 1165 regulares,
935 1125 1028 1157 Perit
1053 1134 1127 1158 caro
1153 1126 1308 1167 hominis;

214 1170 360 1212 Involuti
385 1172 508 1204 cunctis
533 1173 644 1212 pravis
936 1172 1108 1214 Nunquam
1134 1173 1246 1207 divina
1269 1173 1395 1216 finiunt,

216 1212 368 1251 Viventes
393 1218 578 1260 populares.
936 1220 1019 1253 Sunt
1042 1221 1077 1253 in
1100 1222 1192 1254 caelo
1218 1222 1360 1258 luminis,

148 1316 188 1348 4.
212 1315 386 1348 Habebitis
411 1322 469 1348 vos
494 1317 647 1358 requiem,
877 1318 909 1351 9.
937 1318 1023 1357 Quid
1046 1318 1081 1350 in
1107 1318 1258 1351 cordibus
1286 1319 1441 1362 dolemus,

214 1363 360 1403 Quiete'm
386 1373 443 1397 vos
468 1364 605 1406 habetis,
936 1366 971 1398 Si
996 1370 1131 1398 mortem
1154 1376 1399 1409 praeparamus,

215 1411 326 1443 Vitate
351 1421 406 1444 vos
431 1412 609 1452 perniciem
935 1414 1019 1454 Quid
1032 1414 1205 1447 mundanis
1217 1424 1275 1447 nos
1285 1416 1472 1459 gaudemus,

216 1458 382 1504 Gerentes,
410 1464 448 1493 ut
473 1460 611 1503 debetis,
935 1462 1081 1495 Terrena
1106 1463 1184 1503 quid
1209 1472 1353 1496 amamus
1362 1462 1377 1496 2¹

214 1507 375 1541 videbitis
402 1517 458 1543 vos
484 1507 600 1541 faciem
933 1510 984 1542 Ea
1010 1510 1140 1550 quidem
1165 1520 1223 1543 nos
1249 1512 1432 1552 perdemus,

211 1555 274 1588 Dei
300 1556 540 1597 omnipotentis.
932 1558 995 1590 Est
1019 1567 1116 1600 mors,
1143 1561 1180 1591 ut
1204 1560 1415 1600 quiescamus.

154 1653 186 1686 51.
211 1652 310 1692 Quasi
330 1661 393 1686 ,vos
418 1653 562 1694 religiosi
853 1654 909 1688 10.
936 1654 1071 1689 Dierum
1096 1655 1329 1696 longitudinem

211 1700 363 1741 Angelici
387 1701 421 1733 in
447 1704 546 1743 terra,
933 1702 1022 1735 Deus
1047 1712 1106 1735 nos
1132 1703 1320 1744 adimpleat,

204 1747 291 1780 Sitis
318 1748 418 1794 digni,
445 1749 592 1792 virtuosi,
932 1751 973 1784 In
999 1751 1123 1783 cunctis
1150 1750 1373 1785 fortitudinem

214 1795 367 1830 Conclusi
392 1797 483 1838 pacis
509 1807 609 1841 serra,
934 1799 1022 1832 Deus
1049 1799 1142 1832 nobis
1168 1799 1300 1839 tribuat,

214 1843 293 1877 Sitis
318 1845 391 1887 luce
417 1846 578 1889 luminosi,
934 1847 1002 1880 Nos
1028 1848 1071 1881 ad
1096 1848 1329 1882 beatitudinem

211 1892 341 1930 Remoti
365 1903 422 1926 vos
447 1904 468 1927 a
492 1904 619 1935 guerra.
933 1896 1022 1929 Deus
1048 1902 1158 1929 omnes
1186 1897 1315 1938 dirigat.

215 1987 242 2024 7,
265 1987 283 2016 2
305 1989 384 2024 Quia
405 1991 475 2019 cito¹
497 2006 535 2011 —
556 1990 582 2026 7,
604 1989 624 2019 4
644 1992 723 2027 Quia
742 1992 812 2021 cito.
832 2007 871 2011 —
891 1990 917 2029 9,
939 1990 957 2021 3
983 1993 1077 2028 Quod.

589 2105 636 2137 63.
676 2105 815 2146 Hymnus
837 2105 875 2138 dc
895 2106 1029 2138 Sanctis

154 2195 186 2228 1.
214 2193 388 2235 Salvetote,
417 2195 525 2227 cuncti
550 2196 665 2236 sancti,
851 2198 885 2230 2.
911 2197 1000 2230 Deus
1026 2197 1174 2229 laborum
1200 2199 1344 2238 praemia

213 2242 274 2283 Qui
296 2251 353 2275 vos
379 2242 449 2276 Deo
476 2244 667 2288 servivistis,
911 2245 977 2278 Det
1001 2245 1093 2277 vobis
1117 2245 1340 2279 laborantibus

206 2291 298 2324 Estis
324 2300 382 2324 vos
407 2291 442 2324 in
462 2301 499 2324 re
525 2293 695 2334 constanti,
909 2294 956 2326 Et
982 2293 1038 2326 det
1062 2296 1195 2327 aeterna
1220 2295 1338 2335 gaudia

207 2340 276 2372 Vos
301 2340 466 2373 mundana
491 2341 679 2385 reliquistis,
910 2342 974 2374 Hic
1000 2350 1072 2374 eum
1097 2343 1383 2386 proclamantibus,

206 2387 298 2420 Estis
324 2389 410 2422 servi
434 2389 495 2422 Dei
522 2389 615 2431 tanti,
908 2390 1056 2431 Superna
1079 2390 1168 2424 Deus
1195 2392 1330 2432 praedia

207 2436 356 2477 Regnum
381 2436 444 2470 Dei
469 2438 688 2478 perquisistis,
908 2439 974 2472 Hic
998 2438 1122 2472 tribuat
1146 2441 1339 2476 amantibus,

190 2494 331 2524 Drcves,
348 2495 473 2520 Boncore
489 2497 523 2519 de
540 2496 644 2520 Sancta
659 2497 790 2522 Victoria.
1264 2496 1299 2526 15
