1651 2700
690 144 928 180 —75—

164 237 197 269 4.
225 237 291 269 Ista
316 246 453 271 vernans
479 239 630 280 moribus,

271 285 355 317 Fide
381 289 413 317 et
437 287 555 318 virtute

223 331 273 364 Sit
296 342 407 366 recens
432 335 616 374 precatibus

270 380 391 414 Nostra
414 390 474 421 pro
500 383 612 415 salute.

150 454 189 487 R.
225 455 307 487 Solis
333 457 448 489 amicta
473 459 582 499 pallio,

220 503 360 547 Martha,
388 505 486 545 salve,
514 507 638 550 eximia,

221 550 284 582 Dei
310 552 489 593 complaces
514 553 590 594 filio,

220 598 258 630 In
284 601 316 630 te
342 602 390 631 est
415 601 517 633 omnis
542 602 656 642 gratia,

217 645 400 688 Humilitas,
427 649 591 689 sanctitaS,

218 692 367 732 Castitas,

217 740 338 781 Virtus,
365 741 509 782 victoria,

215 787 325 830 Fides,
353 797 426 827 spes
453 793 484 820 et
511 790 639 833 caritas,

212 834 408 877 Benignitas,

213 881 449 926 Temperantia,

214 929 383 971 Patientia,

214 975 398 1018 Spiritualis
426 979 598 1019 disciplina

212 1023 257 1055 Et
281 1024 495 1059 oboedientia.

142 1070 181 1103 V.
262 1070 300 1103 111
326 1072 408 1109 Iesu,
435 1082 526 1113 quem
553 1074 706 1117 dilexisti,

215 1118 335 1150 Nostra
359 1120 447 1151 solve
473 1122 604 1154 crimina

212 1165 282 1197 Tua
304 1175 363 1205 per
388 1169 541 1209 oramina,

258 1212 370 1245 Dulcis
396 1224 515 1254 sponsa
540 1216 670 1253 Christi.

329 1289 372 1315 Ad
397 1289 577 1325 Magnificat.

138 1345 179 1377 A.
215 1345 338 1378 Pietate
363 1348 467 1387 solita,

257 1393 282 1425 O
309 1394 439 1426 Martha
464 1394 576 1428 fidelis,

210 1439 309 1472 Plane
335 1442 436 1473 dulcis
462 1443 590 1484 hospita

257 1488 386 1521 Domini
410 1490 450 1521 de
476 1492 572 1523 caelis

256 1536 380 1568 Adesto
405 1538 525 1572 tuteliS.

210 1582 351 1615 Medelis
378 1587 411 1616 et
436 1586 596 1627 precibus,

208 1629 305 1662 Salva
329 1640 386 1663 nos
409 1632 449 1664 ab
477 1635 622 1667 omnibus

255 1677 375 1718 Culpae
401 1682 604 1721 corruptelis,

270 1784 332 1815 Ad
356 1784 627 1820 Matutinum.

342 1850 559 1879 Invitatorium.

204 1907 385 1940 Adoremus
413 1909 627 1943 dominantem

255 1954 427 1996 Christum,
454 1966 561 1999 regem
586 1960 708 1999 gloriae

207 2001 298 2034 Stola
323 2004 408 2035 vitae
433 2005 633 2039 laureantem

251 2050 412 2083 Martham
439 2062 564 2085 sacram
590 2055 696 2090 hodie.

711 1986 718 2002 7

265 2154 370 2189 1111.
399 2156 629 2192 Nocturno.

347 2222 545 2260 Antiphonae.

143 2280 175 2313 1.
202 2280 333 2313 Honore
359 2285 391 2313 et
415 2283 518 2323 gloria

249 2328 454 2369 Purpuratur
479 2332 540 2363 ista

203 2376 377 2409 Gratularis
403 2378 436 2410 in
462 2380 568 2419 patria

247 2425 336 2458 Caeli
362 2426 540 2460 citharista.

851 242 883 274 2.
909 241 1062 273 Exsultat
1085 240 1223 272 viriliter

958 288 1095 321 Currens
1122 288 1202 320 haec
1225 290 1262 321 ut
1286 287 1385 331 gigas,

909 337 993 375 Iesu,
1021 346 1115 377 quam
1142 335 1284 369 feliciter

955 385 1042 417 Rore
1066 385 1151 417 vitae
1174 385 1271 426 rigas,

849 453 880 484 3.
907 451 1023 484 Portas
1049 455 1172 484 vestras
1198 452 1314 494 tollite,

824 1627 863 1661 v.

954 499 1122 539 Principes
1152 501 1295 543 superni,

907 546 1076 587 Hospitam
1102 548 1262 588 suscipite

952 594 1049 635 Regis
1076 595 1160 628 hanc
1185 596 1318 628 aeterni.

905 661 993 701 Tuis,
1020 662 1161 703 Martha,
1189 662 1284 694 labiis

951 708 1064 741 Gratia
1090 709 1204 742 diffusa

904 755 1009 788 Corda
1034 757 1143 789 reddit
1169 758 1285 790 muniis

950 803 1076 836 Divinis
1102 804 1244 838 confusa.

867 894 874 901 .
901 870 1050 903 Marthae
1076 870 1267 904 fortitudine

949 917 1187 952 Conturbantur
1212 923 1349 964 montes,

902 964 997 997 Cuius
1023 967 1241 999 sanctitudine

946 1012 1125 1046 Laetantur
1149 1015 1304 1048 insontes.

865 1103 870 1110 .
899 1079 996 1119 Regis
1023 1089 1137 1121 magna
1161 1082 1286 1121 civitaS,

945 1127 1076 1159 Martha
1100 1128 1307 1169 laetabunda,

898 1173 968 1205 Tua
993 1176 1115 1208 cunctis
1140 1177 1295 1209 sanctitas

945 1221 1004 1253 Est
1032 1231 1129 1255 causa
1149 1224 1300 1256 iucunda.

1039 1293 1249 1328 Responsoria.

867 1368 874 1376 .
903 1344 1009 1377 Corde
1034 1349 1100 1378 toto
1127 1348 1258 1388 sospita,

898 1392 971 1423 Iesu
998 1392 1119 1425 Christi
1145 1395 1282 1439 hospita,

946 1439 1072 1472 Genere
1097 1443 1225 1483 regalis,

897 1487 1028 1519 Martha
1054 1487 1144 1529 felix,
1170 1491 1293 1533 inclita,

899 1534 960 1565 Per
986 1536 1139 1568 virtutum
1166 1539 1284 1571 merita

945 1582 1080 1623 Angelis
1107 1585 1260 1625 aequalis,

897 1628 1017 1662 Famae
1042 1632 1160 1672 gaudet
1186 1634 1299 1677 gloria,

896 1677 997 1716 opum
1025 1679 1125 1711 claret
1152 1682 1245 1720 copia

943 1725 1072 1758 Cunctis
1098 1727 1229 1760 obstans
1255 1731 1360 1764 malis.

860 1817 867 1824 .
893 1792 1089 1833 Angelorum
1117 1795 1289 1841 dominum,

894 1840 946 1872 Ad
973 1841 1107 1873 salutem
1134 1842 1297 1877 hominum

941 1888 998 1927 Qui
1026 1890 1113 1921 venit
1137 1891 1168 1922 in
1196 1893 1361 1934 mundum,

894 1935 1031 1975 Recepit
1055 1938 1196 1978 hospitio

894 1982 1026 2016 Martha
1052 1993 1120 2016 cum
1148 1987 1270 2019 solacio

943 2031 1103 2064 Praebens
1121 2033 1196 2066 huic
1214 2045 1269 2068 cor
1287 2039 1441 2072 mundum

891 2077 1060 2118 Hospitem
1087 2083 1152 2113 tam
1177 2084 1328 2128 nobilem,

892 2125 971 2157 Tam
999 2127 1258 2165 desiderabilem.

1446 2067 1453 2083 7

857 2217 865 2225 .
892 2193 1027 2226 Omnino
1055 2196 1204 2230 amabilis

893 2240 1031 2282 Hospita
1056 2243 1136 2276 haec
1161 2246 1279 2279 nobilis

942 2289 1069 2323 Christo
1095 2293 1311 2337 ministrabat,

893 2337 1007 2370 Secum
1034 2339 1074 2371 ad
1103 2340 1257 2383 obsequia

893 2385 1013 2418 Venire
1039 2391 1203 2429 comparia

941 2433 1090 2467 Sororem
1116 2439 1260 2481 optabat,
