1651 2700
741 141 1003 176 -252—

571 244 634 276 103.
673 245 810 285 Hymnus
833 244 916 277 alius
936 253 1032 286 super
1054 245 1170 277 eodem.

226 314 257 346 1.
285 315 323 348 In
348 315 477 347 homine
502 317 677 356 calamitas,
913 317 946 351 4.
972 316 1012 348 In
1037 316 1106 348 Deo
1132 317 1175 348 sit
1201 317 1385 349 iucunditas

285 362 348 394 Hic
372 372 499 404 semper
522 364 620 396 miser
645 364 776 406 geritur,
973 364 1121 407 Durabit,
1148 374 1212 397 non
1240 364 1428 406 conteritur,

283 411 322 443 In
347 411 416 443 Deo
441 412 543 443 omnis
568 413 730 455 sanctitas,
973 412 1032 452 Qui
1058 412 1127 444 Deo
1153 413 1250 445 solvit
1278 413 1429 454 decimas,

283 459 347 491 Per
372 468 442 491 eum
467 461 569 493 virtus
597 461 746 503 cernitur,
971 459 1200 500 Laudaturque
1227 461 1380 504 diligitur,

283 505 322 537 In
347 506 417 539 Deo
443 510 493 539 est
517 508 707 550 sublimitas,
971 508 1007 540 In
1034 508 1163 540 homine
1187 509 1345 541 sobrietas

280 554 345 586 Per
371 563 439 586 eum
468 556 591 587 caelum
617 556 793 590 scanditur.
971 555 1056 588 Satis
1081 556 1245 589 laudanda
1272 557 1425 589 creditur.

226 630 258 662 2.
282 631 443 663 Altissimi
469 632 649 672 benignitas
913 635 944 666 5.
971 634 1009 665 In
1034 633 1162 665 homine
1188 633 1327 665 ebrietas

283 678 346 710 Est
369 680 501 718 cunctis,
528 680 654 719 quando
679 681 810 721 petitur,
970 681 1015 714 Ut
1040 681 1157 713 vitiosa
1182 682 1355 722 spernitur,

283 726 313 757 A
338 726 407 758 Deo
433 727 535 758 omnis
560 728 684 767 puritas
971 728 1117 761 Placebit
1142 729 1269 768 quidem
1295 729 1439 770 largitas,

280 773 326 805 Et
350 782 442 805 omne
466 777 609 806 sanctum
637 776 812 818 quaeritur,
971 776 1005 808 Si
1032 780 1214 815 competens
1240 776 1418 821 perficitur,

280 821 309 852 A
336 820 467 861 Deoque
491 822 643 854 nativitas
971 823 1068 862 Quem
1095 827 1231 864 occupat
1254 824 1436 868 infirmitas,

278 867 324 900 Et
348 869 447 900 omnis
471 869 539 901 vita
563 870 716 910 sequitur.
970 871 1142 903 Putamine
1167 872 1338 911 decipitur.

223 944 257 977 3.
283 944 334 975 Ab
360 945 423 976 otio
449 946 648 986 mendicitas,
911 950 942 981 6.
968 947 1104 980 Exaltat,
1128 957 1222 988 quem
1247 949 1422 990 humilitas,

281 992 335 1032 Et,
362 992 447 1031 quod
474 992 628 1034 differtur,
654 994 789 1035 tollitur,
970 995 1132 1035 Superbus
1159 996 1228 1036 quis
1256 997 1456 1041 deprimitur,

281 1040 478 1080 Puniturque
503 1041 677 1083 temeritas,
970 1043 1000 1075 A
1028 1043 1087 1075 deo
1114 1046 1164 1075 est
1188 1042 1352 1084 fertilitas,

280 1087 444 1119 Occultum
468 1088 545 1127 quid
572 1089 740 1130 detegitur,
968 1091 1019 1123 Ex
1045 1092 1150 1131 gratia
1175 1093 1371 1133 conceditur,

279 1133 483 1174 Excusatque
506 1136 690 1179 necessitas,
969 1139 1177 1181 Quandoque,
1204 1148 1273 1181 vae,
1299 1141 1457 1173 sterilitas

280 1181 356 1220 Quis
381 1184 474 1213 natus
501 1185 587 1214 certe
609 1185 754 1217 moritur.
969 1186 1106 1225 Propter
1129 1189 1264 1225 peccata
1287 1188 1399 1220 oritur.

564 1260 595 1293 7.
622 1260 660 1292 In
685 1260 754 1292 Deo
781 1264 830 1293 est
852 1261 1003 1304 infinitas,

620 1307 687 1339 Dat
711 1308 792 1351 ipse,
820 1310 947 1348 quando
974 1310 1106 1349 petitur,

621 1356 659 1387 In
684 1355 811 1387 homine
835 1357 1027 1398 mortalitas,

621 1402 666 1434 Et
689 1403 743 1434 hic
768 1404 808 1435 ad
833 1406 967 1436 mortem
989 1405 1145 1448 nascitur,

621 1450 660 1481 In
685 1450 812 1483 homine
835 1450 1003 1492 fragilitas,

619 1497 655 1528 In
684 1498 817 1529 cinerem
846 1500 1027 1542 revertitur,

622 1545 684 1576 Est
709 1545 828 1577 homini
853 1548 1081 1587 tranquillitas.

621 1591 655 1624 Si
680 1592 750 1624 Deo
775 1593 828 1624 hic
853 1595 1060 1628 convertitur.

283 1652 307 1688 l,
330 1653 347 1681 2
367 1656 434 1683 His.
455 1671 492 1676 —
512 1654 539 1690 3,
564 1655 578 1684 1
598 1658 760 1686 medicitas.
780 1674 819 1678 —
839 1659 866 1694 7,
888 1659 904 1687 7
926 1660 1085 1688 hominum.

556 1749 620 1781 104.
660 1751 796 1790 Hymnus
818 1752 900 1784 alius
921 1753 958 1785 de
979 1754 1166 1794 cognitione.

224 1816 255 1849 1.
283 1816 364 1856 Quid
389 1828 521 1851 noscere
545 1824 577 1851 te
602 1822 741 1862 neglegis
905 1826 937 1857 2.
965 1825 1029 1858 Cur
1055 1827 1131 1858 vitia
1155 1837 1219 1859 non
1246 1828 1456 1869 comprimis?

277 1864 335 1907 Tu,
379 1864 442 1906 qui]
470 1875 504 1898 es
531 1868 571 1899 de
595 1873 701 1901 terrae
730 1870 831 1903 limo:
963 1873 1013 1905 Tu
1037 1875 1183 1907 succedis
1208 1877 1303 1908 Adae
1327 1878 1441 1921 primo,

278 1912 390 1944 Brevis
417 1914 478 1945 erit
501 1918 574 1946 tuus
599 1915 682 1958 finis,
962 1922 1053 1961 Quod
1079 1931 1199 1962 verum,
1225 1933 1289 1956 non
1307 1930 1342 1956 tu
1360 1926 1523 1967 concipis;

276 1959 325 1991 Tu
350 1962 493 1993 mortalis
517 1963 581 1994 iam
607 1972 640 1994 es
666 1965 778 2005 homo,
961 1970 1011 2001 Tu
1036 1971 1158 2002 servias
1184 1972 1352 2014 altissimo,

276 2007 359 2046 Quid
384 2009 499 2049 gaudio
526 2010 709 2050 deciperis?
962 2016 1043 2048 Nam
1071 2018 1148 2057 quid
1173 2022 1206 2050 te
1231 2020 1299 2051 risu
1325 2021 1473 2062 decipis?

276 2055 324 2087 Tu
351 2064 383 2087 es
408 2057 521 2096 plenus
545 2061 651 2090 terrae
677 2058 762 2092 fimo.
961 2064 1011 2095 Tu
1032 2065 1125 2097 triste
1150 2067 1237 2106 paris
1262 2068 1385 2103 ultimo.

560 2136 591 2168 3.
617 2135 662 2167 Et
686 2137 762 2176 quid
788 2138 910 2170 servire
936 2139 1055 2172 desinis

617 2183 666 2215 Tu
690 2183 890 2226 Dominoque
913 2188 1084 2227 proximo?

619 2231 697 2264 Cum
724 2232 792 2265 Deo
818 2236 919 2266 totum
945 2235 1083 2276 perficis,

614 2279 663 2311 Tu
687 2280 714 2311 si
738 2281 847 2320 places
872 2284 1062 2323 omnimodo,

617 2327 699 2360 Nam
725 2329 754 2360 si
778 2328 923 2369 perfecte
950 2332 1065 2374 diligis,

616 2376 666 2408 Tu
690 2376 793 2408 laetus
820 2379 883 2410 eris
910 2382 1085 2416 commodo,

274 2434 301 2471 3,
323 2435 339 2464 6
360 2439 417 2465 eris
438 2440 592 2474 quomodo.
