1651 2700
673 140 933 175 ——173—

285 235 341 268 33.
368 234 546 267 Prenditur
571 245 591 267 a
617 236 733 268 comite
758 237 850 269 miles
877 237 979 270 victus
1006 238 1069 270 cito
1094 238 1161 281 lite,

367 282 418 314 Ne
443 291 523 315 nece
548 284 717 325 perdatur,
745 285 857 317 Iacobi
882 286 1002 317 virtute
1025 286 1163 318 iuvatur.

283 360 339 392 34.
366 359 417 392 Do
443 359 545 392 libras
572 361 720 405 quinque,
748 362 888 394 moriens
915 365 970 402 ait,
998 362 1085 394 haud
1109 363 1204 395 modo
1229 362 1349 405 linque,

364 408 493 451 Iacobe,
521 417 591 450 me3
614 409 750 441 totidem
777 410 914 442 Iacobus
940 419 1014 442 mox
1039 411 1150 443 reddit
1176 411 1290 443 eidem.

281 486 336 519 35.
364 485 543 518 Rainberlo
569 486 663 518 miles
689 487 801 526 plagas
829 487 884 519 dat
912 487 1050 527 denique
1075 487 1168 527 biles,

367 533 403 566 ΙΙ·
430 534 480 565 cui
504 537 662 573 seccatur⁷
691 534 775 574 quod
803 543 862 574 lter
886 534 1038 567 Iacobum
1064 537 1245 574 reparatur.

280 612 336 644 36.
362 610 417 643 Ad
442 611 561 642 iactum
587 609 719 650 fundae,
746 612 888 653 praesul,
918 612 1038 643 ducunt
1061 611 1160 643 maris
1184 611 1290 643 undae

367 659 425 699 Te,
453 659 560 691 salvat
582 659 677 699 iuste,
706 659 856 691 vocitasti
882 668 986 700 quem,
1013 659 1150 691 Iacobus
1175 662 1218 692 te.

282 738 337 770 37.
364 736 481 769 Militis
506 734 638 768 inflatur
664 739 784 776 guttur,
810 736 868 768 sed
893 745 957 768 non
982 739 1163 779 reparatur,

364 784 468 816 Sanus
494 793 553 824 per
578 784 730 816 Iacobum
756 783 803 827 fit,
830 793 895 817 non
921 793 998 817 cura
1023 785 1230 817 medicorum.

283 862 339 895 38.
367 861 442 894 Lite
468 862 572 893 minus
600 866 693 894 cauta
719 862 884 895 Frisorms
909 862 942 893 in
968 870 1057 893 mare
1081 864 1179 893 nauta

368 909 508 950 Corruit,
536 910 623 941 hunc
647 911 719 942 navi
747 910 860 942 reddit
883 907 1022 943 Iacobus
1047 909 1183 950 propria
1208 909 1252 941 vi.

282 987 337 1020 39.
365 986 494 1028 Iacobe,
521 996 683 1027 paganum
710 990 823 1019 contra
849 986 986 1018 christos
1010 986 1209 1017 malesanum

364 1035 485 1076 Arguis
513 1037 545 1066 et
569 1033 682 1074 fugere
708 1034 859 1074 cogisque
881 1034 1006 1074 pericla
1030 1034 1155 1065 timere.

279 1111 337 1143 40.
365 1110 439 1142 Non
465 1109 587 1142 ferians
614 1109 698 1142 festa
722 1109 842 1148 Iacobi,
870 1108 924 1141 fao
949 1110 1065 1151 balnea.
1088 1112 1221 1149 maesta,

364 1158 457 1190 Pelle
482 1162 595 1190 ruente
619 1158 716 1198 riges,
743 1159 852 1190 statim
879 1157 987 1190 subita
1011 1165 1091 1188 nece
1115 1157 1246 1189 strides.

278 1234 334 1267 41.
363 1234 423 1273 Qui
450 1234 594 1266 triticum
618 1232 702 1265 festo
727 1234 836 1266 Iacobi
863 1235 961 1273 vexit,
989 1233 1052 1265 sibi
1077 1236 1208 1273 praesto

362 1281 453 1315 Ultio
481 1282 631 1322 donatur,
657 1282 716 1314 bos
743 1291 814 1314 cum
841 1291 937 1314 curru
965 1282 1137 1314 cineratur.

278 1359 334 1391 42.
363 1358 548 1390 Plaustrum
575 1360 724 1399 portatur
748 1358 862 1398 tritici,
889 1357 1001 1390 Iacobi
1026 1358 1166 1390 violatur

362 1406 507 1449 Festum,
535 1406 646 1439 divina
672 1407 720 1438 vis
748 1409 860 1438 caecat
880 1406 977 1438 bruta
999 1406 1127 1439 bovina.

277 1483 335 1516 43.
364 1483 501 1522 Quidam
527 1492 592 1515 non
619 1483 726 1514 colere
751 1481 868 1514 festum
895 1483 1007 1516 Iacobi
1032 1483 1173 1526 voluere,

363 1531 402 1563 1n
431 1532 555 1563 cineres
582 1531 696 1563 horum
724 1534 864 1563 castrum
890 1531 956 1563 ruit
980 1531 1054 1571 igne
1079 1531 1231 1563 virorum.

275 1611 332 1642 44.
361 1608 497 1649 Sanguis
525 1609 565 1640 de
589 1617 676 1648 pane
699 1612 820 1649 manat,
850 1616 943 1648 quem
969 1608 1090 1639 rustica
1117 1616 1196 1639 sane

363 1657 504 1689 Fecerat
528 1657 561 1688 in
587 1655 671 1689 festo
697 1656 819 1697 Iacobi‚
846 1656 905 1688 sed
933 1655 997 1688 fine
1023 1656 1167 1688 molesto.

275 1735 333 1768 45.
362 1734 450 1773 Quae
477 1733 617 1766 Satanae
644 1743 722 1766 cura
746 1734 894 1774 possedit
920 1742 1058 1775 corpora
1083 1733 1188 1774 plura,

359 1782 475 1823 Eripit
500 1792 519 1814 a
545 1782 666 1815 Satana
690 1782 828 1815 Iacobus
851 1782 994 1814 reddens
1022 1791 1060 1814 ea
1085 1791 1174 1815 sana.

278 1861 335 1893 46.
363 1859 478 1892 Plures
502 1860 635 1903 leprosi,
664 1860 719 1900 qui
745 1868 880 1900 corpore
906 1862 981 1891 sunt
1006 1859 1128 1897 vitiosi?

361 1908 491 1949 Iacobe,
519 1909 688 1941 salvantur
713 1917 773 1948 per
798 1911 832 1940 te
856 1908 1032 1948 mundique
1056 1907 1246 1948 probantur.

276 1987 334 2019 47.
358 1985 475 2018 Multis
500 1985 623 2018 orbatis
650 1986 762 2028 oculis,
789 1985 862 2017 visu
889 1985 1031 2017 viduatis

361 2035 426 2067 Per
454 2035 563 2067 divum
589 2043 707 2066 numen
734 2034 871 2067 Iacobus
899 2034 990 2066 dedit
1014 2033 1103 2065 illico
1128 2033 1249 2066 lumen.

277 2113 335 2146 48.
359 2112 526 2152 Quendam
553 2121 639 2144 mors
667 2112 739 2145 dira
763 2111 944 2152 prostravit
968 2111 1122 2143 acredine
1147 2110 1240 2150 mira,

363 2160 491 2193 Reddit
515 2161 715 2201 praeteritae
739 2160 877 2194 Iacobus
904 2168 998 2199 quem
1026 2159 1129 2191 denuo
1155 2159 1253 2190 vitae.

126 2277 159 2304 M
182 2278 188 2283 Π
207 2238 235 2264 A
256 2236 322 2303 “folA-
345 2234 436 2264 211a.
456 2252 495 2257 -
515 2237 540 2264 B
565 2236 615 2264 fol.
644 2235 716 2265 lob.
737 2252 776 2256 -—
798 2236 876 2272 „Hic
902 2237 975 2262 nota
1002 2234 1137 2270 exempla
1162 2233 1198 2261 de
1224 2235 1327 2261 sancto
1353 2233 1464 2262 Iacobo

160 2285 251 2304 aiore.
324 2295 331 2303 .
