1651 2700
690 158 946 194 —164—

319 261 350 293 5.
377 258 527 291 Monaclis
553 265 586 288 es
612 256 702 296 cella,
728 255 837 295 simpli
862 254 1020 295 primique
1046 252 1179 294 capella,

378 307 486 339 Aurea
510 304 658 346 portella.
684 312 747 335 non
772 306 844 335 suta
869 302 930 335 Dei
955 301 1118 340 tunicella,

376 353 476 387 Verbi
502 352 653 394 capsella,
680 354 714 383 tu
738 351 929 391 verbigenae
956 348 1134 383 domicella.

376 402 424 434 Tu
451 400 611 440 crepitans
635 399 744 440 mella,
772 399 901 431 deitatis
926 398 959 430 in
986 406 1065 430 aure
1090 395 1218 437 vigella,

376 449 480 481 Roras
505 448 655 479 mumella
678 446 877 479 charismatis
906 455 944 477 ac
968 444 1178 487 hydromella,

298 498 353 530 10.
381 496 542 530 Caumatis
567 495 718 534 umbella,
745 494 922 527 Salomonis
949 493 1089 525 eburnea
1113 491 1203 532 sella,

377 544 460 577 Solis
484 543 623 586 nahella,
651 551 783 583 surgens
809 550 925 574 aurora
949 541 1084 581 rubella,

377 591 506 631 Quadra
531 590 730 633 columnella,
759 591 915 629 sphaerae
939 591 1077 620 tei-stata
1102 586 1227 626 rotella,

379 639 465 672 Caeli
488 637 612 670 fiscella
636 637 753 678 phoebi
778 637 930 677 rutilique
957 636 1083 669 casella.

379 686 498 719 Christi
523 686 656 726 cistelle,
683 685 794 717 martis
819 684 924 724 sopito
951 684 1060 716 duella

295 735 348 768 15.
376 734 507 774 Nosque
532 731 605 765 fave
629 733 716 765 bella
741 736 844 764 tecum
871 732 1011 772 gaudere
1035 730 1162 772 rosella,

376 782 423 814 Ut
446 785 479 812 te
500 781 647 812 buccella
671 780 830 812 collaudet
854 782 965 811 nostra
989 779 1123 819 misella,

378 828 489 862 Condc
513 828 571 859 sub
598 828 716 859 ascella
739 836 797 859 nos
822 830 909 859 artos
933 827 966 858 in
992 826 1173 867 parallella.

376 876 493 908 Natum
521 876 678 914 compella
702 875 805 915 nobis,
833 874 986 906 bonitatis
1011 874 1128 914 apella,

377 924 424 957 Ut
447 924 509 954 zeli
532 923 629 954 mella
653 923 745 962 pluat
768 922 830 954 hac
852 922 886 954 in
912 922 996 954 valle
1020 921 1165 963 gemella,

300 973 354 1005 20.
382 971 536 1003 Firmiter
561 971 689 1011 appella
714 979 772 1009 pro
797 969 899 1007 nobis,
926 970 1017 1009 virgo
1040 968 1170 1000 tenella.

380 1019 428 1051 Tu
453 1027 510 1049 nos
537 1018 689 1058 cancella,
716 1020 780 1048 stet
805 1021 835 1048 et
860 1019 897 1048 ut
920 1017 1095 1057 tranquilla
1119 1014 1272 1055 procella,

379 1067 516 1108 Frange,
545 1065 744 1104 columbella,
768 1067 898 1096 nostrae
923 1065 1036 1104 culpae
1060 1063 1244 1103 terebrella‚

381 1110 432 1145 Ne
458 1113 507 1144 cui
533 1111 653 1144 fabella
678 1113 786 1154 simus,
812 1110 874 1152 fac,
904 1112 1005 1143 dulcis
1029 1111 1144 1143 avella.

378 1160 506 1192 Morum
530 1159 688 1200 formella,
715 1160 902 1199 temptantis
927 1168 1040 1200 rumpe
1064 1157 1204 1199 flagella,

297 1210 353 1241 25.
378 1207 529 1240 Nostram
556 1207 683 1239 debella
709 1215 845 1245 carnem,
871 1215 912 1238 ne
937 1207 1009 1246 plus
1034 1207 1076 1237 sit
1101 1206 1211 1238 asella.

382 1255 510 1287 Caelica
533 1255 674 1294 pratella
697 1258 865 1294 praestans
890 1255 1020 1285 sceleris
1045 1257 1114 1286 tere
1141 1252 1228 1285 fella.

378 1302 476 1334 Panis
502 1311 535 1333 es
560 1302 685 1333 urnella
710 1302 800 1341 caeli,
827 1311 918 1342 quam
948 1302 1049 1333 duleis
1075 1300 1182 1342 osella,

379 1350 474 1381 Vitae
497 1349 634 1390 pagella,
658 1349 765 1388 Moysi
790 1358 848 1381 nos
873 1349 979 1380 scribe
1003 1349 1132 1390 tabella,

378 1397 477 1437 Erige
503 1397 634 1429 castella
658 1395 734 1429 fidei
760 1397 959 1437 Satanaeque
984 1396 1116 1435 rebella,

299 1445 355 1478 30.
382 1444 500 1476 Hostes
526 1447 598 1484 post
624 1444 708 1475 bella
734 1444 827 1476 nobis
853 1443 905 1476 fac
930 1452 999 1475 esse
1023 1444 1175 1476 scabella.

244 1509 271 1536 A
298 1509 348 1537 fol.
376 1508 409 1537 11
420 1518 445 1537 a.
466 1525 505 1528 —
523 1510 546 1537 B
571 1509 620 1537 fol.
642 1507 734 1537 2131).
754 1524 792 1528 —-
814 1507 849 1536 12
870 1518 973 1543 sperae
993 1510 1052 1537 AB.
1073 1524 1111 1528 -
1133 1507 1168 1537 19
1188 1509 1279 1537 mella
1298 1509 1372 1537 fluat
1389 1507 1424 1535 A.
1446 1522 1484 1527 —

169 1546 205 1574 27
233 1549 318 1584 panis
344 1549 374 1575 et
392 1549 426 1575 A.
504 1548 547 1575 Zu
573 1546 608 1575 25
629 1556 760 1580 earnem,
789 1557 827 1576 ne
847 1548 912 1583 plus
935 1549 974 1575 sit
994 1548 1118 1576 asella
1137 1547 1198 1584 vgl.
1220 1546 1249 1575 S.
1272 1545 1336 1575 129.
1375 1547 1485 1574 Amina

167 1594 233 1613 mea
252 1586 373 1613 asella
394 1587 444 1614 Nr.
466 1584 512 1618 40,
535 1586 592 1614 Str.
614 1584 639 1620 2,
662 1585 687 1612 7.

621 1677 648 1709 3.
688 1678 731 1709 De
753 1679 845 1709 beata
865 1678 966 1710 Maria
988 1678 1022 1709 V.

478 1748 636 1781 Versus
663 1749 854 1781 catenati
880 1749 1163 1790 simpliciter.

378 1825 476 1864 Virgo
501 1825 616 1867 Maria,
644 1834 727 1866 rosa,
754 1826 878 1865 species
905 1826 986 1857 caeli
1011 1826 1164 1866 speciosa,

378 1872 530 1904 For-mula
556 1871 705 1916 formosa,
733 1876 917 1905 restaurans
944 1874 1077 1906 crimine
1102 1883 1185 1914 rosa,

376 1919 414 1951 In
438 1920 524 1951 mala
548 1920 678 1959 spinosa
702 1930 792 1961 spem
815 1922 951 1964 spirans,
978 1922 1161 1963 imperiosa,

377 1967 480 1999 Vinea
503 1967 625 2008 vinosa,
653 1968 753 2000 virtus
779 1969 883 2001 vitans
908 1969 1034 2009 vitiosa,

320 2017 351 2047 5.
379 2014 460 2046 Vitis
485 2014 623 2058 botmsa,
650 2016 745 2056 longe
767 2017 887 2048 iaciens
913 2016 1054 2050 acinosa.

377 2062 425 2094 Tu
451 2061 540 2094 frons
565 2061 728 2104 frondosa,
755 2074 819 2096 nux
844 2065 969 2106 mellea,
996 2066 1050 2097 lux
1076 2066 1216 2107 radiosa,

379 2109 549 2150 Cannaque
573 2120 706 2143 succosa
729 2112 843 2156 mellis,
872 2113 987 2145 cedrus
1009 2113 1160 2158 spatiosa,

377 2158 515 2190 Pectora
540 2162 673 2191 ventosa
696 2160 843 2192 nutantia
870 2161 926 2193 das
952 2161 1105 2194 animosa.

376 2206 611 2247 Argumentosa
638 2207 772 2248 doctrix,
799 2209 961 2241 autentica
984 2210 1082 2252 glosa,

296 2253 351 2288 10.
376 2254 472 2294 Legis
497 2254 627 2294 leprosa
653 2265 769 2288 sanans
796 2259 827 2288 et
853 2257 1047 2298 contagiosa,

375 2301 473 2334 Nulla
497 2311 657 2335 venenosa
679 2302 799 2344 refugis
824 2313 885 2336 nec
907 2303 1076 2345 flagitiosa,

378 2349 442 2382 Sub
470 2359 563 2382 cruce
587 2359 727 2390 poenosa
750 2355 859 2392 gustas
884 2353 991 2384 anima
1015 2352 1169 2393 gladiosa.

376 2397 545 2437 Nunquam
573 2407 702 2431 corrosa
725 2408 785 2439 per
812 2400 924 2440 culpae
951 2400 1069 2432 damna
1092 2401 1207 2444 lutosa,

376 2445 479 2477 Vallis
505 2446 651 2487 odorosa,
677 2447 798 2479 nardus
824 2447 954 2479 nimium
980 2448 1132 2489 pretiosa,
