1651 2700
747 124 1009 160 —240—

568 235 615 266 85.
652 235 790 275 Hymnus
813 244 868 268 seu
890 237 1059 269 communis
1079 238 1193 271 oratio.

233 333 265 366 1.
291 334 389 366 Pater
413 337 533 375 noster,
560 344 593 367 es
617 335 651 367 in
677 335 774 367 caelis

290 381 418 422 Ubique
442 386 530 415 certe
555 383 732 423 dominans,

291 429 382 462 Bona
407 433 521 463 cuncta
545 434 655 463 sancte
679 432 773 472 geris,

290 477 339 509 Tu
364 478 517 510 mundum
542 479 613 511 luce
637 479 806 522 luminans,

291 525 393 557 Tuum
418 530 564 559 sanctum
588 536 702 559 nomen
728 526 808 560 felix

291 572 341 605 Sit
365 573 500 613 quilibet
525 574 739 609 sanctificans,

922 338 954 372 2.
981 337 1127 379 Regnum
1153 340 1242 371 tuum
1267 340 1445 383 videamus,

980 385 1099 418 Panem
1126 386 1167 419 da
1194 387 1413 426 cottidianum,

980 433 1025 466 Ut
1049 434 1196 467 viventes
1221 445 1417 477 maneamus,

976 481 1143 514 Evitemus
1169 483 1287 515 malum
1314 493 1441 525 vanum,

979 529 1100 562 Nostro
1126 529 1222 563 fratri
1249 531 1457 573 dimittamus,

980 576 1026 609 Ut
1049 577 1204 610 intremus
1231 578 1337 611 locum
1362 590 1485 614 sanum.

622 681 653 713 3.
680 680 919 720 Temptationes
944 680 1074 713 auferas

675 728 746 760 Nec
770 728 803 759 in
829 736 882 760 eas
907 737 965 760 nos
990 729 1136 771 inducas,

677 775 745 807 Nos
771 778 902 808 cunctos
928 776 1034 809 salvos
1060 776 1163 810 facias

676 823 721 855 Et
743 823 778 855 in
804 823 926 856 caelum
950 824 1147 867 introducas,

675 870 807 903 Fideles
831 874 868 903 tu
892 872 1058 913 respicias,

674 918 730 950 Ad
754 919 890 951 salutem
914 928 972 951 nos
997 921 1166 959 perducas

371 1046 418 1077 86.
458 1046 593 1086 Hymnus
615 1046 651 1078 de
672 1046 807 1087 aliquali
827 1048 1007 1088 cognitione
1028 1050 1187 1082 hominum
1208 1052 1240 1083 et
1259 1060 1377 1083 rerum.

233 1144 265 1178 1.
292 1143 432 1184 signasti
457 1141 520 1188 [tu]
547 1145 653 1176 lumen
678 1146 785 1178 vultus

291 1191 394 1232 Super
407 1201 464 1223 nos
478 1192 580 1223 sancti
595 1189 682 1235 (tui),
696 1192 844 1234 Domine,

294 1238 428 1270 Sanctus
453 1238 509 1271 fiat
536 1239 576 1271 de
600 1243 633 1271 te
658 1240 772 1282 cultus,

289 1285 361 1318 Hoc
385 1286 427 1317 sit
452 1286 485 1317 in
510 1287 595 1318 omni
619 1286 754 1327 homine,

291 1332 351 1371 Qui
376 1333 526 1365 ommittit
550 1331 646 1377 [hoc],
665 1338 714 1366 est
730 1335 845 1368 stultus

291 1379 385 1414 Stans
409 1380 443 1412 in
468 1380 602 1413 obscuro
627 1380 768 1415 flumine.

917 1149 949 1180 5.
975 1148 1058 1188 Quid
1083 1152 1118 1181 tu
1145 1150 1244 1192 doles,
1271 1151 1298 1182 si
1324 1150 1451 1182 recedis

976 1195 1045 1227 Iam
1071 1196 1112 1228 de
1135 1198 1299 1237 praesenti
1324 1198 1464 1240 saeculo,

977 1242 1081 1275 Corde
1105 1247 1141 1275 tu
1165 1244 1280 1279 laetari
1306 1244 1397 1287 velis,

974 1290 1113 1323 Recedis
1139 1292 1179 1324 ab
1206 1292 1369 1335 obsequio,

973 1337 1079 1370 Datur
1100 1339 1161 1372 tibi
1184 1340 1272 1373 locus
1294 1339 1383 1384 felix,

258 1510 265 1517 .
291 1484 375 1516 Nam
400 1487 434 1516 tu
462 1493 599 1525 caveque
623 1489 779 1519 memento

288 1531 331 1563 Et
357 1535 389 1563 te
414 1533 495 1564 scias
518 1534 604 1574 quod
629 1543 663 1566 es
688 1535 778 1577 cinis,

288 1578 361 1611 Non
388 1580 503 1612 evades
528 1580 715 1623 velamento,

287 1626 373 1658 Tuus
395 1628 456 1658 erit
481 1631 567 1660 certe
591 1628 674 1668 finis,

287 1673 440 1715 Sepeliris
465 1679 668 1708 monumento

286 1720 331 1753 Et
356 1723 487 1754 recedes
512 1726 548 1755 tu
572 1733 591 1755 a
616 1724 726 1765 spinis.

253 1852 260 1859 .
288 1825 365 1857 Cum
389 1826 458 1858 Deo
482 1827 537 1869 qui
561 1837 623 1860 non
648 1829 784 1862 seminat

289 1872 366 1905 Cum
394 1873 525 1914 Deoque
549 1884 611 1907 non
639 1877 770 1918 colligit,

288 1920 474 1962 Dispergit,
500 1922 553 1953 hic
576 1923 751 1964 intellegat,

288 1967 378 2006 Quod
407 1967 493 2012 fecit,
519 1969 589 2009 ipse
609 1972 768 2013 perdidit,

287 2014 388 2057 Sciat,
414 2017 498 2056 quod
522 2018 631 2059 gessit,
656 2022 778 2061 pereat,

286 2061 320 2094 Si
342 2062 412 2095 Deo
437 2073 500 2096 non
526 2065 717 2101 adhaeserit.

250 2192 258 2200 .
285 2166 383 2199 Suum
408 2167 502 2200 finem
527 2178 619 2202 nemo
644 2171 735 2203 novit

285 2214 330 2247 Et
354 2216 405 2248 vel
432 2216 475 2248 sit
501 2217 613 2258 dignus
638 2220 791 2262 praemio,

284 2262 374 2301 Quod
400 2274 513 2296 munus
537 2266 608 2305 ipse
632 2268 758 2309 meruit,

282 2309 336 2342 An
361 2311 423 2343 erit
446 2312 499 2344 hio
523 2313 556 2345 in
581 2313 673 2354 odi03

283 2357 402 2391 Beatus
429 2360 487 2400 vir,
514 2361 568 2401 qui
590 2363 734 2395 meminit

283 2404 478 2440 Submittere
502 2418 536 2441 se
561 2409 707 2447 Domino.

974 1385 1164 1418 Laetaberis
1189 1387 1222 1418 in
1247 1389 1379 1429 gaudiO.

941 1515 948 1522 .
977 1490 1100 1523 Cuncta
1126 1492 1166 1523 de
1190 1495 1279 1525 terra
1303 1495 1436 1527 veniunt

972 1538 1017 1570 Et
1041 1533 1073 1570 in
1100 1542 1219 1572 terram
1245 1545 1465 1584 revertuntur,

973 1585 1140 1619 Mundana
1164 1597 1302 1629 namque
1327 1589 1471 1624 defluunt

972 1633 1018 1665 Et
1041 1634 1075 1665 in
1100 1644 1279 1677 vanumque
1303 1637 1467 1682 labuntur,

974 1680 1135 1714 Caelestia
1158 1693 1223 1716 non
1250 1685 1411 1727 desinunt,

973 1728 1034 1760 His
1061 1729 1147 1762 beati
1172 1732 1226 1771 qui
1251 1737 1416 1774 reguntur.

938 1857 946 1866 .
973 1833 1045 1872 Non
1073 1835 1210 1869 satiatur
1234 1837 1368 1878 spiritus

973 1881 1085 1923 Neque
1110 1884 1217 1918 anima
1238 1887 1387 1926 terrenis,

971 1929 1032 1961 Est
1057 1930 1140 1962 enim
1166 1932 1217 1963 his
1244 1933 1400 1966 divinitus

970 1975 1072 2009 Facta
1095 1978 1203 2011 anima
1227 1980 1261 2012 in
1287 1982 1394 2017 caelis.

971 2024 1025 2055 Ad
1051 2026 1173 2057 caelum
1199 2027 1266 2059 eius
1292 2029 1428 2071 reditus,

973 2070 1010 2102 In
1035 2081 1097 2112 quo
1121 2074 1211 2106 locus
1238 2076 1305 2108 eius
1330 2076 1421 2112 felix.

936 2200 945 2209 .
971 2176 1047 2215 Quis
1075 2179 1217 2219 cogitans
1247 2182 1417 2225 decipitur,

970 2223 1050 2256 Eius
1077 2224 1164 2258 fallit
1188 2229 1356 2273 cogitatus,

969 2270 1015 2303 Et
1039 2278 1223 2321 occupatur,
1248 2279 1393 2321 moritur,

968 2319 1082 2353 Multis
1109 2324 1193 2356 curis
1219 2326 1402 2369 innodatus,

968 2367 1031 2399 Per
1055 2370 1156 2403 solum
1181 2372 1285 2406 Deum
1309 2377 1456 2411 noscitur

966 2415 1032 2448 Ubi
1057 2419 1118 2450 erit
1144 2421 1329 2457 collocatuS.
1459 2406 1467 2423 ’
