1651 2700
682 135 946 170 —171—

292 229 332 261 ln
356 229 470 261 mortis
498 230 611 262 dentes
637 240 746 263 omnes
771 232 838 263 scio
865 241 995 265 currere
1020 236 1141 274 gentes,

293 277 329 309 In
357 277 471 309 mortis
497 286 598 310 nexus
624 279 727 312 omnis
755 279 843 312 cadit,
866 281 1010 321 undique
1033 290 1141 315 sexus,

293 325 385 357 Mors
412 326 500 366 capit,
524 335 627 368 omne,
655 327 741 367 quod
768 330 836 368 est3
863 328 941 369 quid
968 329 1061 361 nobis
1089 330 1200 361 vivere
1222 328 1380 369 prodest?

294 373 385 413 Quod
412 374 456 405 sit,
480 374 614 415 quisque
640 375 731 415 cinis,
758 375 877 415 probat
901 376 963 408 hoc
987 376 1125 409 hominis
1151 377 1234 409 bene
1258 376 1342 410 finis.

226 447 255 475 A
277 447 327 476 fol.
349 445 401 476 3a.

262 767 278 799 1

235 1893 292 1926 10.

235 2018 293 2051 11.

233 2145 288 2177 12.

234 2271 290 2304 13.

234 2397 290 2429 14.

382 589 424 620 12.
464 589 620 630 Exempla
643 589 680 621 (le
700 591 807 622 sancto
832 591 974 632 apostolo
995 591 1104 622 Iacobo
1126 591 1247 623 maiore

488 680 682 712 collecta
708 689 753 712 ex
782 680 977 712 diversis
1002 681 1146 713 libris.

289 789 295 796 .
325 766 360 799 Si
385 766 497 799 Iacobi
522 767 636 799 laudes
661 767 793 799 maioris
819 767 954 808 pingere
978 768 1099 809 gaudes

320 815 440 857 Metro,
470 814 652 858 Christane‚
680 815 771 847 dabit
797 815 851 847 hic
875 816 1016 856 pretium
1042 816 1102 847 tibi
1127 816 1235 856 plane.

286 917 292 924 .
319 891 422 924 Metri
446 901 552 932 pango
577 892 640 923 lira
665 894 722 924 tua
746 892 898 935 plurima,
924 892 1052 933 Iacobe,
1079 892 1171 935 mira,

320 940 409 980 Quae
434 939 565 979 scriptis
592 940 700 979 reperi
724 940 809 972 bona
834 949 970 980 sperans
994 941 1090 980 plura
1115 941 1244 973 mereri.

288 1042 294 1048 .
322 1015 558 1056 Hermogenem
584 1016 703 1047 laetum
730 1014 867 1048 lacobus
895 1016 987 1048 dedit
1010 1019 1107 1057 atque
1132 1016 1301 1059 Philetum,

322 1064 402 1096 Veri
428 1072 576 1095 sermone
602 1064 731 1096 Christo
758 1064 861 1096 victos
887 1064 1022 1098 ratione.

319 1140 421 1172 Sanat
448 1142 658 1182 contractum,
686 1148 756 1171 cum
785 1140 914 1172 ducitur
940 1141 981 1172 ad
1008 1141 1096 1172 necis
1123 1143 1239 1183 actum,

319 1187 470 1230 Iacobus,
496 1188 558 1219 hoc
583 1187 695 1219 venias
720 1188 827 1227 poscit
853 1189 1015 1220 cernendo
1041 1188 1156 1221 Iosias.

318 1264 422 1297 Iosias
448 1264 564 1304 credit,
593 1265 757 1297 erroribus
783 1264 871 1296 illico
900 1264 997 1306 cedit,

321 1312 399 1345 Cum
427 1312 546 1344 Iacobo
572 1312 719 1355 moritur,
747 1312 865 1352 gladiis
892 1317 924 1344 et
947 1315 1082 1353 uterque
1108 1311 1235 1346 feritur.

286 1415 293 1423 .
320 1389 375 1422 Ad
402 1394 510 1421 terrae
535 1391 648 1429 portus
674 1390 788 1428 Lupae
813 1389 883 1421 sine
909 1390 1031 1430 remige
1057 1398 1174 1430 corpus

320 1438 426 1470 Trans
450 1436 536 1469 freta
561 1439 711 1477 portatur
736 1437 848 1470 Iacobi
872 1446 933 1469 nec
958 1438 1006 1469 sic
1030 1438 1218 1471 tumulatur.

284 1540 291 1547 .
316 1514 458 1554 Suscipit
483 1514 544 1546 hoc
569 1512 664 1545 funus
689 1514 794 1546 instar
817 1513 948 1547 tumbae
973 1515 1057 1554 lapis
1082 1524 1175 1555 unus,

320 1562 446 1603 Corpus
471 1565 539 1594 tam
564 1562 652 1602 iusti,
681 1562 731 1594 cui
758 1562 851 1602 Lupa
875 1565 974 1604 negat.
998 1563 1071 1595 loca
1096 1563 1194 1597 busti.

284 1665 290 1672 .
319 1639 458 1672 Iacobus
487 1642 629 1682 enervat,
658 1649 737 1680 quos
762 1648 821 1672 rex
844 1639 878 1672 in
906 1648 1036 1672 carcere
1061 1644 1178 1685 servat,

321 1688 519 1728 Discipulos,
548 1691 579 1719 et
603 1687 651 1719 ita
678 1688 734 1720 dat
758 1688 803 1719 eis
829 1696 888 1720 rex
913 1697 1057 1728 quaeque
1082 1689 1195 1729 petita.

319 1765 420 1798 Tauri
447 1764 571 1797 Silvani
599 1764 661 1796 cito
686 1763 768 1797 fiunt,
792 1768 925 1805 pectore
950 1766 1031 1805 sani,

320 1813 389 1846 Dat
413 1814 486 1846 loca
510 1822 569 1853 pro
596 1812 708 1845 tumba
731 1813 851 1846 Iacobo
877 1813 972 1854 Lupa
997 1812 1084 1847 facta
1107 1814 1265 1848 columba.

322 1891 457 1932 Colligit
483 1891 632 1930 exempla
656 1890 767 1923 Iacobi
794 1899 854 1931 per
879 1891 1020 1931 plurima
1044 1892 1168 1933 templa

319 1939 474 1982 Galixtus‚
506 1939 622 1971 clausit
646 1938 742 1981 libro,
770 1948 852 1979 quae
878 1939 1010 1972 sedulus
1037 1940 1154 1974 hausit.

320 2017 431 2050 Codex
459 2017 499 2049 de
526 2017 618 2048 miris
645 2016 757 2050 Iacobi
783 2017 883 2058 signis
908 2017 991 2049 bene
1015 2017 1107 2050 miris

317 2066 417 2099 Ridet
441 2066 475 2098 in
499 2066 646 2099 adversis
674 2066 819 2098 adversis
846 2066 880 2097 in
905 2066 990 2098 bona
1014 2070 1128 2100 versis,

317 2144 457 2178 carcere
483 2143 679 2175 clauduntur
705 2142 831 2184 viginti,
860 2152 931 2175 cum
959 2143 1140 2186 capiuntur,

316 2191 447 2224 Laudes
472 2194 667 2232 promuntur
691 2191 821 2234 Iacobo,
848 2200 909 2231 per
934 2200 1028 2232 quem
1054 2192 1268 2224 redimuntur.

318 2269 370 2302 De
395 2269 478 2301 turri
504 2269 631 2312 saltum,
660 2269 714 2309 qui
742 2271 854 2309 captus
882 2271 962 2309 erat,
989 2267 1069 2300 facit
1095 2269 1207 2310 altum,

318 2319 372 2350 Ad
398 2327 457 2350 sua
482 2317 678 2358 regreditur,
706 2316 890 2349 Zebedides
916 2317 1014 2349 laude
1037 2318 1171 2357 potitur.

320 2395 475 2429 Gaudens
500 2395 669 2436 abscessit,
697 2402 790 2435 quem
816 2394 930 2434 procul
957 2394 1084 2426 solvere
1108 2394 1223 2435 nescit,

318 2444 369 2476 De
394 2443 513 2476 Iacobo
540 2452 632 2476 sacro
656 2445 743 2475 terso
770 2442 902 2474 sceleris
929 2442 1112 2475 simulacro.
