1651 2700
685 150 921 186 —93—

147 243 207 276 3a.
236 242 363 286 Gaude,
393 245 470 278 data
494 247 610 286 nuptui
846 249 906 284 3b.
932 250 1004 282 Tali
1030 252 1106 290 apta
1133 251 1232 282 statui

234 291 332 332 Legis
357 301 453 333 pares
479 294 556 327 ritui
933 298 1027 330 Vitae
1050 298 1153 332 instas
1179 297 1298 330 fructui

285 339 415 373 Salubri
440 340 633 384 frequentia,
978 345 1082 378 Felici
1109 347 1298 379 constantia.

146 422 208 454 4a.
236 421 351 456 Gaude
376 426 421 468 tu,
450 433 531 465 quae
556 424 675 457 talibus
841 427 902 461 4b.
931 428 998 460 Piis
1018 427 1108 461 solve
1132 428 1283 468 precibus

231 469 277 502 Et
301 471 375 512 plus
401 473 492 504 miris
514 471 648 505 fioribus
930 479 958 508 A
985 476 1088 517 culpis
1114 485 1172 508 nos
1199 476 1346 508 omnibus

279 518 373 551 Vires
399 520 439 552 ab
465 519 613 561 infantia,
976 523 1019 555 Et
1045 524 1131 555 omni
1157 524 1314 564 angustia.

143 601 204 632 5a.
233 599 357 642 Gaude,
385 611 467 642 quae
490 602 651 634 miseriam
838 604 899 638 5b.
927 604 1029 637 ‘nobis
1057 605 1099 637 da
1123 605 1302 646 victoriam,

232 649 312 681 Post
335 650 420 682 hanc
444 650 529 690 petis
555 651 695 690 patriam
926 652 971 685 Ut
994 654 1070 693 post
1093 652 1179 685 hanc
1203 654 1349 686 militiam

278 696 323 729 Et
347 698 494 737 polorum
521 699 650 739 gaudia,
973 700 1146 733 Laetemur
1170 702 1204 733 in
1230 702 1343 742 gloria.

210 778 234 805 B
264 778 314 806 fol.
347 776 434 806 166a.
472 794 509 797 —
548 777 757 816 ,‚Sequentia“.
792 795 831 799 —
867 780 955 809 Mel.:
994 781 1092 809 Veni
1125 784 1253 809 ‘tancte
1283 782 1462 817 Spiritus.

133 815 250 844 Voraus
272 816 344 852 geht
363 817 415 844 ‹ler
434 818 581 854 Tropus
602 827 668 845 zum
689 818 841 847 Alleluia:

593 876 719 910 Annam,
744 878 831 904 ritem
854 878 977 913 gratiae,

593 915 657 942 Rex
677 923 823 950 supernae
842 917 959 951 patriae

591 953 837 989 Transplantavit
855 954 943 981 hodie

591 991 627 1018 In
647 992 765 1019 vineam
787 992 911 1028 gloriae.

533 1112 562 1142 4.
603 1111 647 1143 De
668 1115 777 1144 sancto
798 1112 1053 1144 Bartholomaeo.

137 1193 196 1225 la.
224 1192 490 1224 Bartholomaeus
516 1196 672 1232 sacratus,
830 1193 889 1226 lb.
918 1193 983 1227 Ubi
1008 1193 1131 1233 magnis
1158 1197 1190 1225 et
1214 1193 1345 1226 minutis

220 1239 345 1272 Mundo
373 1249 475 1282 carus,
502 1240 572 1272 Deo
596 1244 716 1283 gratus,
916 1241 1105 1273 Doctrinarn
1133 1241 1254 1281 sparsit
1278 1241 1392 1273 salutis

220 1288 348 1320 Vexillo
373 1288 477 1320 crucis
503 1291 645 1320 armatus
915 1289 1008 1321 Viam
1035 1289 1172 1322 edocens
1198 1289 1338 1331 virtutis,

269 1336 394 1369 Indiam
420 1337 612 1377 ingreditur,
962 1337 1066 1369 Error
1091 1338 1194 1369 omnis
1221 1337 1367 1370 solvitur.

132 1420 192 1452 2a.
219 1418 445 1451 Praedicantis
472 1418 601 1458 quidem
627 1427 716 1450 more
826 1418 890 1451 2b.
918 1419 1087 1460 Hortatur,
1114 1421 1151 1450 ut
1175 1418 1302 1452 Christo
1327 1419 1396 1459 regi

216 1466 336 1499 DIvino
363 1465 514 1507 perfusus
537 1475 612 1498 rore
912 1468 1091 1508 Iungantur
1116 1476 1236 1508 suoque
1261 1466 1368 1508 gregi3

217 1515 396 1557 Exemplis,
424 1523 486 1554 ope
512 1517 544 1546 et
569 1524 625 1547 ore
914 1514 1029 1547 Statim
1055 1517 1171 1555 parent
1195 1515 1262 1547 eius
1287 1515 1360 1556 legi,

264 1563 327 1595 Dei
351 1563 464 1596 laudes
490 1563 642 1603 loquitur.
961 1563 1100 1595 Satanas
1127 1563 1285 1596 obruitur.

128 1646 188 1678 3a.
216 1644 264 1677 Ob
290 1645 352 1677 hoc
378 1647 508 1678 sanctus
533 1643 706 1685 fustigatur
825 1644 883 1678 3b.
910 1645 1015 1677 Huius
1040 1653 1137 1685 prece
1162 1648 1207 1688 ut,
1236 1645 1372 1685 benigne

213 1692 260 1725 Et
283 1693 376 1726 vivus
404 1694 598 1733 excoriatur,
910 1694 994 1736 Iesu,
1022 1693 1127 1726 salves
1153 1702 1210 1726 nos
1237 1693 1276 1725 ab
1300 1694 1374 1734 igne

214 1740 296 1773 Dire
322 1742 410 1773 cruci
437 1742 645 1773 conclavatur
911 1741 997 1782 Orci,
1024 1750 1101 1773 vere
1126 1741 1185 1773 tibi
1213 1741 1310 1783 digne

265 1788 441 1830 Capiteque
466 1790 632 1829 plectitur.
957 1789 1044 1822 Laus
1069 1790 1199 1822 novella
1222 1789 1393 1830 promitur.

193 1871 217 1898 B
251 1870 302 1898 fol.
341 1869 433 1899 17112.
463 1887 501 1891 —
529 1871 614 1898 Met:
647 1870 812 1898 Verbum
846 1871 993 1899 bonum.
1024 1885 1061 1889 —
1091 1870 1144 1898 Als
1175 1870 1321 1907 Tropus
1358 1879 1448 1907 super

115 1909 252 1937 Alleluia
273 1910 346 1946 geht
364 1918 489 1939 voraus:

577 1968 664 1996 Felix
687 1976 703 1995 0
724 1967 961 2003 Bartholomaee,

577 2008 698 2035 Bestiae
718 2015 756 2034 ne
777 2015 832 2034 nos
853 2006 950 2034 leteae

616 2046 684 2074 Orci
706 2045 826 2073 tradant
845 2046 974 2082 ignibuS‚

576 2085 694 2113 Nostris
717 2084 769 2112 sed
791 2084 886 2120 culpis
908 2084 1015 2112 deletis

574 2124 747 2160 Iungamur,
770 2131 868 2159 exora,
890 2123 978 2150 laetis

616 2163 659 2191 Ut
679 2163 815 2198 supernis
837 2162 981 2189 coetibus.

577 2285 604 2317 5.
645 2285 688 2316 De
711 2286 821 2316 saneta
843 2283 988 2315 Caecilia.

124 2367 183 2401 la.
213 2366 363 2400 Gaudeat
388 2367 536 2408 ecclesia,
820 2364 880 2398 lb.
905 2363 1002 2397 Felix
1027 2373 1045 2396 o
1073 2364 1225 2404 Caecilia,

207 2415 278 2448 Tua
301 2416 451 2449 natalitia
906 2412 1036 2445 Virtute
1062 2412 1191 2453 egregia

258 2463 472 2497 celebrantur
496 2462 605 2504 hodie,
953 2460 1079 2501 Sponsa
1104 2461 1189 2502 regis
1214 2461 1346 2503 gloriae.
