1651 2700
398 251 445 279 Ad
464 253 603 283 Tertiam.

182 306 224 339 A.
259 306 359 341 Dives
384 311 481 344 Anna
504 313 648 347 moribus

306 356 417 398 Stirpe
442 362 475 391 et
499 362 620 394 virtute

255 403 306 436 Sit
331 408 364 437 et
390 407 479 439 dives
505 410 655 448 precibus

305 454 369 486 Pro
395 458 507 488 nostra
530 457 645 494 salute.

398 548 445 576 Ad
466 549 594 579 Sextam.

178 604 221 636 A.
257 605 420 638 Virtutum
445 609 618 643 monilibus

300 654 396 687 Anna
423 655 576 690 decorata

251 701 401 742 Iungitur
426 705 619 738 caelestibus

299 749 369 782 Deo
394 760 523 792 semper
546 757 649 794 grata.

395 846 442 874 Ad
461 848 587 876 Nonam.

174 902 216 935 A.
250 904 353 936 Prece
378 907 452 937 tuae
476 906 579 939 dulcis
604 918 692 953 avae,

294 952 410 984 Annae
436 953 649 996 beatissimae,

246 999 369 1033 Libera
393 1010 452 1033 nos
478 1003 563 1034 omni
588 1013 608 1036 a
632 1014 701 1049 vae,

294 1049 368 1081 Iesu
394 1049 633 1090 benignissime.

314 1143 359 1175 In
385 1145 418 1178 2.
446 1144 665 1185 vesperis.

386 1220 584 1255 Antiphonae.

186 1278 217 1311 1.
244 1278 363 1311 Annua
386 1280 555 1312 sollemnia

286 1327 402 1359 Annae
428 1328 638 1371 celebramus,

240 1374 372 1407 Omnem
398 1378 434 1407 ut
459 1376 622 1409 miseriam

285 1423 349 1455 Per
372 1423 455 1456 hanc
481 1425 664 1457 evadamus.

821 165 961 201 51—

889 264 920 296 2.
947 263 1102 297 Fructum
1128 264 1196 298 fert
1219 268 1425 311 tricesimum,

996 312 1149 345 Divinum
1174 315 1369 357 thesaurum,

946 359 1166 393 Excedentem
1191 363 1362 402 plurimum

996 410 1176 449 Argentum
1202 413 1234 442 et
1258 420 1379 445 aurum.

887 513 919 547 3.
946 512 1075 545 Floruit
1099 514 1273 547 virtutibus

991 560 1036 592 Et
1063 562 1178 594 decore
1203 572 1326 595 morum

943 608 1008 641 Per
1032 609 1118 642 viam
1142 610 1176 642 in
1196 611 1342 644 omnibus

992 656 1132 690 Currens
1156 659 1390 694 mandatorum.

883 765 916 798 4.
943 764 1034 796 Nulli
1058 773 1176 805 parens
1205 767 1339 811 crimini,

989 813 1085 845 Anna
1109 822 1128 845 o
1153 813 1302 855 benigna,

940 860 1050 893 Mater
1075 862 1187 893 matris
1213 862 1343 894 Domini

988 908 1078 940 Fieri
1102 918 1136 941 es
1163 910 1268 950 digna.

1058 1051 1104 1078 Ad
1123 1052 1305 1088 Mag-nificat.

863 1129 905 1161 A.
939 1129 1106 1161 Abraham
1130 1130 1165 1161 in
1191 1130 1313 1162 semine

935 1177 1108 1219 Pepegisti,
1136 1177 1282 1218 Domine,

983 1224 1051 1257 Nos
1078 1234 1187 1257 omues
1213 1226 1359 1267 salx‘are3

933 1273 1049 1305 Annae
1076 1281 1150 1313 ergo
1175 1274 1338 1316 precibus,

932 1320 978 1354 Ut
1002 1320 1118 1353 iurasti
1143 1322 1297 1366 patribus,

981 1368 1095 1401 Nostri
1120 1378 1310 1403 memorare.

240 1489 266 1517 B
280 1489 330 1517 fol.
343 1487 398 1517 165
409 1490 427 1518 b
439 1499 483 1526 sq.
494 1505 530 1509 —
540 1491 604 1518 Das
616 1490 752 1520 Officium
767 1491 859 1520 findet
871 1492 936 1520 sich
949 1493 1067 1527 bereits,
1086 1493 1162 1520 doch
1174 1495 1231 1521 mit
1239 1493 1488 1532 Abweichungen,

162 1534 217 1555 aus
239 1529 335 1555 einem
355 1528 549 1557 Lilienfelder
567 1530 710 1558 Breviere
729 1531 890 1568 mitgeteilt
907 1530 995 1558 Anal.
1016 1531 1111 1566 XXV,
1134 1530 1170 1560 69
1191 1532 1219 1559 ff.

565 1662 592 1693 5.
633 1662 677 1694 De
699 1663 808 1694 sancto
830 1662 1088 1696 Bartholomaeo.

304 1750 352 1783 In
387 1751 417 1783 1.
445 1751 653 1792 Vesperis

376 1836 575 1873 Antiphonae.

170 1894 201 1927 1.
230 1894 353 1936 Gaude,
381 1898 484 1928 mater
509 1897 655 1942 ecclesia,

274 1943 358 1976 Nam
384 1944 624 1978 Bartholomaei

228 1991 435 2025 Celebramus
461 1994 641 2035 sollemnia,

274 2041 455 2074 Praeelecti
481 2042 553 2076 Dei.

162 2108 195 2139 2.
221 2107 366 2140 Mittitur
389 2108 424 2140 in
448 2109 577 2141 Indiam

268 2156 391 2189 Summi
416 2165 516 2189 verna
540 2158 636 2201 regis,

217 2204 393 2237 Praedicet
416 2207 454 2238 ut
476 2206 614 2246 gratiam

266 2251 318 2284 Ibi
342 2262 446 2286 novae
470 2254 562 2295 legis,

157 2320 190 2353 3.
216 2319 406 2353 Mutescunt
430 2321 606 2354 simulacra

262 2368 344 2401 Eius
369 2369 412 2401 ad
437 2369 628 2411 ingressum,

214 2416 368 2458 Dirigunt
384 2417 428 2450 ad
451 2418 584 2450 lavacra

263 2464 384 2497 Christi
409 2466 483 2498 Indi
509 2475 666 2507 gressum.

873 1754 905 1788 4.
932 1753 1079 1794 Linguae
1103 1763 1180 1786 suae
1206 1757 1314 1788 aratro

975 1802 1100 1842 Aegras
1126 1806 1220 1835 sanat
1243 1806 1376 1848 mentes,

923 1850 1078 1883 Indorum
1106 1850 1147 1882 de
1172 1850 1325 1885 barathro

970 1899 1092 1930 Multas
1118 1899 1246 1932 salvans
1272 1904 1394 1941 gentes,

862 1966 896 2001 5.
918 1966 1028 2007 Aegro
1057 1974 1166 2000 curam
1190 1969 1310 2008 populo

969 2013 1104 2048 Confert
1130 2016 1296 2056 sospitatis

918 2063 1024 2104 Eique
1048 2064 1218 2096 incredulo

965 2111 1083 2144 Fidem
1108 2112 1277 2146 trinitatis,

843 2178 884 2211 R.
920 2178 1045 2218 Quanto
1071 2180 1144 2220 plus
1171 2180 1372 2225 deprimitur,

919 2226 1043 2259 Cedrus
1072 2228 1146 2269 plus
1173 2228 1308 2268 erigitur

963 2274 1058 2307 Motu
1084 2276 1236 2317 naturali,

960 2323 1062 2355 Modo
1086 2323 1216 2363 quidem
1241 2325 1305 2357 tali

914 2371 1014 2411 Quem
1042 2373 1172 2411 torquet
1198 2372 1355 2418 diabolus,

912 2419 990 2451 Plus
1015 2417 1111 2452 floret
1136 2422 1302 2462 apostolus

961 2467 1071 2501 Omnis
1098 2477 1214 2510 expers
1239 2470 1327 2503 mali.

1257 2524 1301 2554 42.
