1651 2700
728 113 990 148 —206—

241 240 248 247 .
274 215 323 247 Tu
349 211 449 258 [nam]
476 221 547 244 mea
572 221 605 243 es
630 212 734 251 imago
926 211 958 243 9.
986 210 1063 242 Sum
1088 209 1165 250 vita,
1192 209 1254 252 via,
1284 209 1413 251 veritas,

272 263 317 295 Et
341 261 445 294 factus
470 261 549 293 mihi
574 259 698 297 similis,
982 256 1174 289 Hominibus
1200 257 1409 296 compatiens,

273 310 459 351 Appellaris
484 312 519 340 tu
542 309 664 348 virago,
983 305 1058 338 Sum
1084 304 1177 346 fides,
1203 313 1341 345 spesque
1367 304 1496 343 caritas,

275 359 312 391 In
336 358 455 390 mundo
478 357 546 397 agis
570 356 699 397 nobilis,
984 354 1059 386 Sum
1086 352 1298 393 gentibusque
1323 352 1491 390 miserens,

274 406 343 446 Ego
368 408 401 437 te
424 405 531 437 baccis
557 404 693 442 molabo,
983 401 1048 444 Sol,
1075 401 1160 444 luna,
1188 400 1294 443 stella,
1323 399 1464 438 claritas,

274 454 324 486 Sis
349 453 425 485 mihi
453 455 487 484 tu
512 452 669 484 amabilis.
983 449 1138 490 Dispono,
1165 449 1244 481 tollo
1264 448 1421 481 tribuens.

244 548 249 555 .
276 521 344 553 Mei
368 520 429 552 Dei
455 523 490 551 tu
514 522 683 560 memento,
901 518 956 551 10.
986 516 1061 549 Sum
1087 517 1193 548 omnia
1216 515 1419 557 prospiciens

275 569 306 600 A
331 577 381 599 me
406 567 510 600 factus
534 577 608 600 nam
634 565 733 608 fuisti,
982 564 1028 596 Et
1050 573 1119 596 sum
1145 563 1373 605 intellegentia,

275 616 321 648 Et
344 619 377 647 te
401 616 489 647 salvo
514 615 548 647 in
572 617 739 657 momento,
983 611 1058 644 Sum
1083 612 1115 644 in
1141 612 1275 643 excelsis
1300 612 1438 651 sapiens,

276 663 310 695 Si
335 666 368 695 te
392 664 497 704 ipsum
523 663 701 700 correxisti,
984 659 1059 692 Sum
1084 660 1223 692 maxima
1248 659 1403 701 potentia,

275 711 322 742 Te
347 710 459 742 artabo
485 713 697 749 monumento,
984 707 1060 739 Sum
1084 708 1190 739 lumen
1216 705 1415 747 indeficiens,

275 757 309 789 Si
334 758 376 790 ad
400 766 451 789 me
471 767 535 789 non
560 758 697 790 rediisti.
985 755 1060 787 Sum
1086 755 1199 797 virtus,
1227 754 1393 794 patientia.

243 849 249 856 .
275 824 345 864 Ego
371 832 489 864 quaero
515 833 570 855 cor
595 824 766 856 contritum
902 823 957 855 11.
986 822 1044 860 Qui
1070 830 1203 853 noscere
1225 825 1258 852 te
1283 820 1428 861 negligis,

274 872 319 904 Et
345 880 398 903 cor
425 872 542 903 humile
566 880 629 903 non
655 880 781 914 sperno,
984 869 1061 902 Feci
1087 872 1120 900 te
1146 870 1186 901 de
1211 871 1318 900 terrae
1342 868 1438 911 limo,

276 918 310 951 Si
335 927 502 958 peccasses
528 917 698 959 infinitum,
983 917 1066 957 Quid
1092 920 1128 948 tu
1152 917 1277 950 servire
1303 916 1421 948 desinis

275 966 435 998 Liberabo
461 966 500 998 ab
525 965 651 998 inferno
986 964 1131 996 Creatori
1156 965 1234 996 mihi
1258 962 1385 1004 primo?

275 1014 475 1046 Paenitentia
499 1014 664 1054 munitum,
985 1012 1019 1044 Si
1044 1016 1076 1044 te
1100 1022 1164 1044 non
1190 1016 1277 1044 certe
1303 1011 1448 1052 corrigis,

276 1061 374 1100 Quem
400 1061 518 1093 salvari
545 1061 627 1102 dico,
655 1070 761 1093 cerno.
984 1060 1034 1092 Tu
1059 1060 1217 1091 artaberis
1243 1060 1301 1091 sub
1327 1058 1411 1091 fimo.

245 1152 253 1160 .
279 1128 354 1160 Mea
380 1128 600 1159 misericordia
904 1128 960 1160 12.
988 1127 1063 1159 Sine
1087 1136 1138 1159 me
1163 1132 1198 1159 tu
1224 1136 1287 1159 non
1313 1125 1440 1167 fuisses,

278 1175 391 1207 Manet
416 1175 516 1206 maior
540 1184 633 1214 quam
656 1178 782 1217 natura,
985 1174 1061 1206 Sine
1086 1183 1136 1205 me
1160 1177 1194 1205 tu
1219 1183 1379 1214 nunquam
1405 1174 1500 1215 vivis,

277 1222 338 1254 Est
363 1223 464 1253 maior
489 1231 557 1253 mea
583 1223 677 1254 venia
986 1222 1061 1254 Sine
1086 1231 1136 1253 me
1161 1226 1196 1253 tu
1221 1231 1285 1254 non
1312 1230 1490 1263 regnasses,

280 1270 378 1308 Quam
404 1270 541 1301 humana
567 1273 723 1310 creatura,
985 1269 1060 1301 Sine
1084 1279 1135 1301 me
1160 1275 1194 1301 tu
1220 1270 1303 1301 male
1329 1268 1414 1309 finis,

279 1317 313 1348 Si
338 1320 413 1349 sunt
438 1317 575 1348 contrita
600 1318 719 1358 cordia,
985 1316 1060 1348 Sine
1085 1326 1135 1348 me
1161 1326 1223 1349 non
1250 1317 1358 1348 salvus
1385 1325 1483 1356 esses,

277 1364 345 1396 Iam
372 1373 434 1396 non
460 1367 554 1396 erunt
576 1365 609 1396 in
634 1373 793 1404 pressura.
985 1363 1061 1396 Sine
1085 1374 1135 1396 me
1160 1369 1195 1396 tu
1221 1364 1337 1405 pulvis,
1368 1364 1458 1398 ciniS.

241 1456 248 1463 .
275 1431 357 1462 Nam
382 1431 495 1472 laetor,
522 1431 616 1462 nimis
642 1432 775 1472 gaudeo,
902 1432 956 1465 13.
986 1432 1040 1464 Me
1064 1431 1239 1472 invocabiS,
1267 1441 1416 1471 annuam,

281 1479 356 1511 Cum
384 1477 467 1509 filius
492 1479 668 1520 reducitur,
985 1479 1059 1511 Sum
1086 1483 1117 1510 te
1145 1480 1335 1511 clamantem
1364 1479 1517 1519 diligens;

277 1525 359 1557 Nam
385 1526 451 1557 eius
478 1535 585 1557 vocem
611 1526 716 1566 audio,
983 1527 1031 1558 Tu
1058 1536 1192 1567 quaeras
1218 1536 1279 1565 me,
1305 1530 1338 1558 te
1362 1527 1503 1568 audiam,

274 1572 349 1605 Cum
377 1573 429 1604 hic
453 1582 512 1613 per
536 1582 587 1605 me
614 1574 812 1615 conducitur,
983 1575 1074 1614 Quod
1087 1576 1180 1618 petiS,
1196 1584 1265 1606 sum
1278 1575 1341 1606 iam
1355 1575 1521 1615 tribuens,

275 1620 411 1652 Exsulto
439 1623 532 1652 cantu
556 1621 664 1661 nimio,
985 1622 1019 1654 Si
1044 1627 1079 1654 tu
1104 1622 1262 1664 peccabis,
1290 1632 1432 1663 arguam,

278 1668 355 1701 Cum
383 1669 475 1700 homo
500 1669 577 1700 mihi
603 1669 761 1702 redditur.
986 1670 1033 1701 Te
1058 1671 1102 1701 sis
1128 1669 1298 1702 confestim
1325 1671 1500 1711 corrigens,

241 1760 248 1767 .
274 1734 431 1766 Fulciaris
456 1736 663 1767 sacramentis
902 1738 957 1770 14.
984 1737 1022 1768 ln
1045 1739 1078 1768 te
1101 1737 1172 1777 ipso
1198 1737 1226 1768 si
1252 1735 1396 1779 confidis,

277 1783 350 1814 Mea
377 1781 525 1815 deferens
550 1787 585 1815 tu
611 1793 710 1824 arma,
984 1784 1175 1824 Despiciens
1201 1785 1379 1827 consilium,

275 1829 325 1861 Sis
350 1834 480 1862 ornatus
505 1832 713 1871 vestimentis,
986 1832 1020 1864 Si
1046 1832 1086 1864 de
1110 1832 1182 1864 aliis
1210 1832 1344 1875 diffidis,

275 1878 506 1917 Acceptaberis
533 1887 610 1913 cum,
627 1879 744 1921 palma,
986 1881 1147 1920 spernens
1172 1884 1206 1912 tu
1232 1881 1442 1923 praesidium,

275 1924 325 1956 Sis
350 1926 383 1956 in
408 1925 489 1957 albis
514 1927 720 1969 paramentis,
983 1928 1033 1959 Tu
1058 1937 1120 1959 non
1146 1937 1281 1969 regnas,
1308 1930 1367 1961 sed
1391 1933 1427 1961 tu
1452 1931 1520 1962 ruis

277 1972 374 2004 Dicas
398 1972 533 2005 Sanctus
559 1977 591 2005 et
619 1974 781 2010 Hosanna.
984 1976 1022 2007 In
1050 1976 1263 2016 damnumque
1289 1977 1478 2016 periculum.

281 2027 306 2063 2,
328 2027 346 2057 3
368 2032 444 2058 certe
467 2031 552 2058 dabo.
572 2046 611 2050 —
629 2029 657 2066 4,
678 2031 695 2059 5
715 2033 842 2062 molave,
862 2049 901 2055 —
922 2032 966 2067 14,
987 2031 1007 2061 4
1025 2033 1100 2061 fehlt
1120 2035 1185 2062 eine
1207 2033 1297 2063 silbe.

601 2105 647 2136 32.
687 2106 780 2138 Homo
801 2106 879 2139 dicit
894 2107 958 2139 Deo
979 2107 1118 2138 Domino.

241 2189 248 2196 .
272 2164 475 2205 Recognosco
502 2168 688 2205 creatorem,
906 2169 938 2202 2.
964 2168 1021 2200 Me
1044 2168 1164 2200 inclino
1190 2171 1264 2201 tuae
1288 2170 1378 2203 laudi

274 2212 320 2244 Te
344 2212 457 2253 Deum,
484 2222 594 2245 verum
619 2213 801 2256 Dominum,
961 2216 1006 2248 Et
1031 2217 1189 2249 maximae
1213 2219 1386 2263 potentiae,

274 2260 321 2293 Te
346 2269 500 2301 cognosco
525 2262 772 2303 redemptorem,
960 2264 1016 2296 Me
1039 2265 1191 2297 submitto
1213 2266 1275 2298 tibi
1299 2268 1418 2308 grandi

273 2307 442 2342 Rectorem
467 2313 611 2342 sanctum
636 2310 808 2353 hominum,
958 2312 1003 2345 Et
1028 2316 1103 2345 tuae
1127 2314 1314 2358 sapientiae,

275 2355 321 2387 Te
347 2365 501 2398 cognosco
526 2358 719 2390 salvatorem
961 2361 1009 2394 Tu
1036 2370 1069 2393 es
1095 2366 1207 2394 auctor
1232 2372 1290 2395 nos
1316 2364 1454 2397 sanandi

273 2403 318 2436 Et
339 2407 551 2444 protectorem
577 2406 727 2440 omnium.
960 2408 1006 2441 Et
1031 2409 1185 2443 Dominus
1213 2411 1412 2447 clementiae.
