<?xml version="1.0" encoding="UTF-8"?>
<!DOCTYPE html PUBLIC "-//W3C//DTD XHTML 1.0 Transitional//EN"
    "http://www.w3.org/TR/xhtml1/DTD/xhtml1-transitional.dtd">
<html xmlns="http://www.w3.org/1999/xhtml" xml:lang="en" lang="en">
 <head>
  <title>
</title>
<meta http-equiv="Content-Type" content="text/html;charset=utf-8" />
  <meta name='ocr-system' content='tesseract 3.04.00' />
  <meta name='ocr-capabilities' content='ocr_page ocr_carea ocr_par ocr_line ocrx_word'/>
</head>
<body>
  <div class='ocr_page' id='page_1' title='image "./analectahymnica41drevuoft_00155.png"; bbox 0 0 1651 2700; ppageno 0'>
   <div class='ocr_carea' id='block_1_1' title="bbox 713 151 971 186">
    <p class='ocr_par' dir='ltr' id='par_1_1' title="bbox 713 151 971 186">
     <span class='ocr_line' id='line_1_1' title="bbox 713 151 971 186; baseline 0.004 -1"><span class='ocrx_word' id='word_1_1' title='bbox 713 151 971 186; x_wconf 76' lang='lat'>—152—</span> 
     </span>
    </p>
   </div>
   <div class='ocr_carea' id='block_1_2' title="bbox 630 271 1056 305">
    <p class='ocr_par' dir='ltr' id='par_1_2' title="bbox 630 271 1056 305">
     <span class='ocr_line' id='line_1_2' title="bbox 630 271 1056 305; baseline 0.005 -4"><span class='ocrx_word' id='word_1_2' title='bbox 630 272 676 302; x_wconf 84' lang='lat'><strong>77.</strong></span> <span class='ocrx_word' id='word_1_3' title='bbox 716 271 760 303; x_wconf 82' lang='lat' dir='ltr'><strong>De</strong></span> <span class='ocrx_word' id='word_1_4' title='bbox 780 274 886 305; x_wconf 74' lang='lat' dir='ltr'><strong>sancto</strong></span> <span class='ocrx_word' id='word_1_5' title='bbox 909 272 1056 305; x_wconf 80' lang='lat' dir='ltr'><strong>Simeone.</strong></span> 
     </span>
    </p>
   </div>
   <div class='ocr_carea' id='block_1_3' title="bbox 201 349 788 717">
    <p class='ocr_par' dir='ltr' id='par_1_3' title="bbox 201 349 693 439">
     <span class='ocr_line' id='line_1_3' title="bbox 201 349 693 393; baseline 0.006 -12"><span class='ocrx_word' id='word_1_6' title='bbox 201 349 233 382; x_wconf 89' lang='lat'><strong>1.</strong></span> <span class='ocrx_word' id='word_1_7' title='bbox 260 350 340 393; x_wconf 86' lang='lat' dir='ltr'><strong>Ave,</strong></span> <span class='ocrx_word' id='word_1_8' title='bbox 369 349 477 382; x_wconf 87' lang='lat' dir='ltr'>Simon</span> <span class='ocrx_word' id='word_1_9' title='bbox 503 352 693 391; x_wconf 88' lang='lat' dir='ltr'><strong>venerande,</strong></span> 
     </span>
     <span class='ocr_line' id='line_1_4' title="bbox 306 397 642 439; baseline 0.006 -10"><span class='ocrx_word' id='word_1_10' title='bbox 306 397 384 429; x_wconf 87' lang='lat' dir='ltr'>Flos</span> <span class='ocrx_word' id='word_1_11' title='bbox 410 398 642 439; x_wconf 82' lang='lat' dir='ltr'><strong>oboedientiae,</strong></span> 
     </span>
    </p>

    <p class='ocr_par' dir='ltr' id='par_1_4' title="bbox 258 445 735 632">
     <span class='ocr_line' id='line_1_5' title="bbox 259 445 718 483; baseline 0.009 -7"><span class='ocrx_word' id='word_1_12' title='bbox 259 445 319 483; x_wconf 77' lang='lat' dir='ltr'><strong>Qui</strong></span> <span class='ocrx_word' id='word_1_13' title='bbox 344 445 425 477; x_wconf 84' lang='lat' dir='ltr'><strong>viam</strong></span> <span class='ocrx_word' id='word_1_14' title='bbox 450 446 537 478; x_wconf 86' lang='lat' dir='ltr'><strong>vitae</strong></span> <span class='ocrx_word' id='word_1_15' title='bbox 563 448 718 480; x_wconf 86' lang='lat' dir='ltr'><strong>amandae</strong></span> 
     </span>
     <span class='ocr_line' id='line_1_6' title="bbox 304 492 692 538; baseline 0.008 -14"><span class='ocrx_word' id='word_1_16' title='bbox 304 492 409 525; x_wconf 89' lang='lat' dir='ltr'><strong>Doces</strong></span> <span class='ocrx_word' id='word_1_17' title='bbox 434 493 532 526; x_wconf 86' lang='lat' dir='ltr'><strong>verbo</strong></span> <span class='ocrx_word' id='word_1_18' title='bbox 560 495 692 538; x_wconf 82' lang='lat' dir='ltr'><strong>gratiae,</strong></span> 
     </span>
     <span class='ocr_line' id='line_1_7' title="bbox 258 539 735 583; baseline 0.008 -12"><span class='ocrx_word' id='word_1_19' title='bbox 258 539 362 580; x_wconf 84' lang='lat' dir='ltr'>Super</span> <span class='ocrx_word' id='word_1_20' title='bbox 387 550 438 573; x_wconf 90' lang='lat' dir='ltr'><strong>me</strong></span> <span class='ocrx_word' id='word_1_21' title='bbox 460 541 563 573; x_wconf 90' lang='lat' dir='ltr'><strong>sinum</strong></span> <span class='ocrx_word' id='word_1_22' title='bbox 588 544 735 583; x_wconf 82' lang='lat' dir='ltr'>expande</span> 
     </span>
     <span class='ocr_line' id='line_1_8' title="bbox 307 588 666 632; baseline 0.008 -13"><span class='ocrx_word' id='word_1_23' title='bbox 307 588 444 620; x_wconf 88' lang='lat' dir='ltr'><strong>Divinae</strong></span> <span class='ocrx_word' id='word_1_24' title='bbox 470 589 666 632; x_wconf 87' lang='lat' dir='ltr'><strong>clementiae,</strong></span> 
     </span>
    </p>

    <p class='ocr_par' dir='ltr' id='par_1_5' title="bbox 258 634 788 717">
     <span class='ocr_line' id='line_1_9' title="bbox 258 634 788 670; baseline 0.008 -4"><span class='ocrx_word' id='word_1_25' title='bbox 258 634 309 667; x_wconf 86' lang='lat' dir='ltr'><strong>Ne</strong></span> <span class='ocrx_word' id='word_1_26' title='bbox 333 636 530 669; x_wconf 75' lang='lat' dir='ltr'><strong>subsannent</strong></span> <span class='ocrx_word' id='word_1_27' title='bbox 554 646 605 668; x_wconf 89' lang='lat' dir='ltr'><strong>me</strong></span> <span class='ocrx_word' id='word_1_28' title='bbox 629 636 788 670; x_wconf 82' lang='lat' dir='ltr'><strong>nefandae</strong></span> 
     </span>
     <span class='ocr_line' id='line_1_10' title="bbox 302 682 619 717; baseline 0.009 -3"><span class='ocrx_word' id='word_1_29' title='bbox 302 682 481 716; x_wconf 87' lang='lat' dir='ltr'><strong>Infernalcs</strong></span> <span class='ocrx_word' id='word_1_30' title='bbox 507 683 619 717; x_wconf 82' lang='lat' dir='ltr'><strong>furiae.</strong></span> 
     </span>
    </p>
   </div>
   <div class='ocr_carea' id='block_1_4' title="bbox 197 769 913 809">
    <p class='ocr_par' dir='ltr' id='par_1_6' title="bbox 197 769 913 809">
     <span class='ocr_line' id='line_1_11' title="bbox 197 769 913 809; baseline 0.008 -10"><span class='ocrx_word' id='word_1_31' title='bbox 197 769 227 799; x_wconf 85' lang='lat'><strong>2.</strong></span> <span class='ocrx_word' id='word_1_32' title='bbox 254 770 333 808; x_wconf 89' lang='lat' dir='ltr'><strong>Ave,</strong></span> <span class='ocrx_word' id='word_1_33' title='bbox 362 769 415 809; x_wconf 84' lang='lat' dir='ltr'><strong>qui</strong></span> <span class='ocrx_word' id='word_1_34' title='bbox 439 770 481 802; x_wconf 84' lang='lat' dir='ltr'><strong>ad</strong></span> <span class='ocrx_word' id='word_1_35' title='bbox 507 774 650 802; x_wconf 80' lang='lat' dir='ltr'><strong>nationes</strong></span> <span class='ocrx_word' id='word_1_36' title='bbox 881 775 913 805; x_wconf 80' lang='lat'><strong>4.</strong></span> 
     </span>
    </p>
   </div>
   <div class='ocr_carea' id='block_1_5' title="bbox 253 816 781 1140">
    <p class='ocr_par' dir='ltr' id='par_1_7' title="bbox 254 816 681 896">
     <span class='ocr_line' id='line_1_12' title="bbox 299 816 681 857; baseline 0.008 -10"><span class='ocrx_word' id='word_1_37' title='bbox 299 816 345 848; x_wconf 87' lang='lat' dir='ltr'><strong>Es</strong></span> <span class='ocrx_word' id='word_1_38' title='bbox 371 816 534 856; x_wconf 86' lang='lat' dir='ltr'><strong>profectus</strong></span> <span class='ocrx_word' id='word_1_39' title='bbox 561 817 681 857; x_wconf 53' lang='lat' dir='ltr'><strong>efferas</strong></span> 
     </span>
     <span class='ocr_line' id='line_1_13' title="bbox 254 863 631 896; baseline 0.003 -1"><span class='ocrx_word' id='word_1_40' title='bbox 254 863 300 895; x_wconf 84' lang='lat' dir='ltr'><strong>Ut</strong></span> <span class='ocrx_word' id='word_1_41' title='bbox 323 864 373 895; x_wconf 88' lang='lat' dir='ltr'><strong>his</strong></span> <span class='ocrx_word' id='word_1_42' title='bbox 399 865 631 896; x_wconf 78' lang='lat' dir='ltr'><strong>consolationes</strong></span> 
     </span>
    </p>

    <p class='ocr_par' dir='ltr' id='par_1_8' title="bbox 253 911 697 1001">
     <span class='ocr_line' id='line_1_14' title="bbox 305 911 697 952; baseline 0.008 -10"><span class='ocrx_word' id='word_1_43' title='bbox 305 911 407 943; x_wconf 86' lang='lat' dir='ltr'><strong>Verae</strong></span> <span class='ocrx_word' id='word_1_44' title='bbox 432 912 516 943; x_wconf 85' lang='lat' dir='ltr'><strong>vitae</strong></span> <span class='ocrx_word' id='word_1_45' title='bbox 542 911 697 952; x_wconf 86' lang='lat' dir='ltr'><strong>conferas,</strong></span> 
     </span>
     <span class='ocr_line' id='line_1_15' title="bbox 253 958 668 1001; baseline 0.005 -12"><span class='ocrx_word' id='word_1_46' title='bbox 253 958 382 1001; x_wconf 83' lang='lat' dir='ltr'><strong>Precor,</strong></span> <span class='ocrx_word' id='word_1_47' title='bbox 409 962 446 990; x_wconf 89' lang='lat' dir='ltr'><strong>ut</strong></span> <span class='ocrx_word' id='word_1_48' title='bbox 468 959 668 992; x_wconf 87' lang='lat' dir='ltr'><strong>confusiones</strong></span> 
     </span>
    </p>

    <p class='ocr_par' dir='ltr' id='par_1_9' title="bbox 253 1006 675 1086">
     <span class='ocr_line' id='line_1_16' title="bbox 300 1006 651 1040; baseline 0.011 -4"><span class='ocrx_word' id='word_1_49' title='bbox 300 1006 368 1037; x_wconf 87' lang='lat' dir='ltr'><strong>Mei</strong></span> <span class='ocrx_word' id='word_1_50' title='bbox 394 1007 499 1038; x_wconf 88' lang='lat' dir='ltr'><strong>cordis</strong></span> <span class='ocrx_word' id='word_1_51' title='bbox 525 1006 651 1040; x_wconf 81' lang='lat' dir='ltr'><strong>auferas</strong></span> 
     </span>
     <span class='ocr_line' id='line_1_17' title="bbox 253 1052 675 1086; baseline 0.005 -2"><span class='ocrx_word' id='word_1_52' title='bbox 253 1052 299 1084; x_wconf 83' lang='lat' dir='ltr'><strong>Et</strong></span> <span class='ocrx_word' id='word_1_53' title='bbox 323 1054 365 1085; x_wconf 85' lang='lat' dir='ltr'><strong>ad</strong></span> <span class='ocrx_word' id='word_1_54' title='bbox 391 1054 470 1085; x_wconf 83' lang='lat' dir='ltr'><strong>caeli</strong></span> <span class='ocrx_word' id='word_1_55' title='bbox 496 1056 675 1086; x_wconf 81' lang='lat' dir='ltr'><strong>mansiones</strong></span> 
     </span>
    </p>

    <p class='ocr_par' dir='ltr' id='par_1_10' title="bbox 302 1100 781 1140">
     <span class='ocr_line' id='line_1_18' title="bbox 302 1100 781 1140; baseline 0.008 -9"><span class='ocrx_word' id='word_1_56' title='bbox 302 1100 358 1131; x_wconf 91' lang='lat' dir='ltr'><strong>Me</strong></span> <span class='ocrx_word' id='word_1_57' title='bbox 382 1104 458 1140; x_wconf 88' lang='lat' dir='ltr'><strong>post</strong></span> <span class='ocrx_word' id='word_1_58' title='bbox 480 1105 614 1134; x_wconf 86' lang='lat' dir='ltr'><strong>mortem</strong></span> <span class='ocrx_word' id='word_1_59' title='bbox 644 1101 781 1136; x_wconf 88' lang='lat' dir='ltr'><strong>deferas.</strong></span> 
     </span>
    </p>
   </div>
   <div class='ocr_carea' id='block_1_6' title="bbox 886 356 917 388">
    <p class='ocr_par' dir='ltr' id='par_1_11' title="bbox 886 356 917 388">
     <span class='ocr_line' id='line_1_19' title="bbox 886 356 917 388; baseline 0 0"><span class='ocrx_word' id='word_1_60' title='bbox 886 356 917 388; x_wconf 89' lang='lat'><strong>3.</strong></span> 
     </span>
    </p>
   </div>
   <div class='ocr_carea' id='block_1_7' title="bbox 941 354 1451 723">
    <p class='ocr_par' dir='ltr' id='par_1_12' title="bbox 944 354 1409 443">
     <span class='ocr_line' id='line_1_20' title="bbox 944 354 1350 395; baseline 0 -9"><span class='ocrx_word' id='word_1_61' title='bbox 944 356 1024 395; x_wconf 71' lang='lat' dir='ltr'><strong>Ave,</strong></span> <span class='ocrx_word' id='word_1_62' title='bbox 1051 354 1181 387; x_wconf 87' lang='lat' dir='ltr'><strong>verbum</strong></span> <span class='ocrx_word' id='word_1_63' title='bbox 1209 355 1350 387; x_wconf 80' lang='lat' dir='ltr'><strong>salutare</strong></span> 
     </span>
     <span class='ocr_line' id='line_1_21' title="bbox 991 402 1409 443; baseline 0 -9"><span class='ocrx_word' id='word_1_64' title='bbox 991 403 1178 443; x_wconf 87' lang='lat' dir='ltr'><strong>Proponens</strong></span> <span class='ocrx_word' id='word_1_65' title='bbox 1226 402 1409 443; x_wconf 82' lang='lat' dir='ltr'><strong>Aegyptiis,</strong></span> 
     </span>
    </p>

    <p class='ocr_par' dir='ltr' id='par_1_13' title="bbox 942 450 1358 538">
     <span class='ocr_line' id='line_1_22' title="bbox 942 450 1316 482; baseline 0 -1"><span class='ocrx_word' id='word_1_66' title='bbox 942 450 1063 482; x_wconf 84' lang='lat' dir='ltr'><strong>Multos</strong></span> <span class='ocrx_word' id='word_1_67' title='bbox 1089 450 1316 482; x_wconf 86' lang='lat' dir='ltr'><strong>abrenuntiare</strong></span> 
     </span>
     <span class='ocr_line' id='line_1_23' title="bbox 990 498 1358 538; baseline 0 -9"><span class='ocrx_word' id='word_1_68' title='bbox 990 498 1103 530; x_wconf 84' lang='lat' dir='ltr'><strong>Multis</strong></span> <span class='ocrx_word' id='word_1_69' title='bbox 1131 498 1226 530; x_wconf 87' lang='lat' dir='ltr'><strong>doces</strong></span> <span class='ocrx_word' id='word_1_70' title='bbox 1253 498 1358 538; x_wconf 90' lang='lat' dir='ltr'><strong>vitiis;</strong></span> 
     </span>
    </p>

    <p class='ocr_par' dir='ltr' id='par_1_14' title="bbox 942 544 1451 633">
     <span class='ocr_line' id='line_1_24' title="bbox 942 544 1451 578; baseline 0 0"><span class='ocrx_word' id='word_1_71' title='bbox 942 545 1005 578; x_wconf 88' lang='lat' dir='ltr'><strong>Cor</strong></span> <span class='ocrx_word' id='word_1_72' title='bbox 1029 554 1132 577; x_wconf 90' lang='lat' dir='ltr'><strong>meum</strong></span> <span class='ocrx_word' id='word_1_73' title='bbox 1156 545 1220 578; x_wconf 83' lang='lat' dir='ltr'><strong>iam</strong></span> <span class='ocrx_word' id='word_1_74' title='bbox 1247 544 1299 578; x_wconf 87' lang='lat' dir='ltr'><strong>fac</strong></span> <span class='ocrx_word' id='word_1_75' title='bbox 1326 554 1451 578; x_wconf 82' lang='lat' dir='ltr'><strong>cessare</strong></span> 
     </span>
     <span class='ocr_line' id='line_1_25' title="bbox 988 593 1322 633; baseline 0.003 -9"><span class='ocrx_word' id='word_1_76' title='bbox 988 593 1019 625; x_wconf 88' lang='lat' dir='ltr'>A</span> <span class='ocrx_word' id='word_1_77' title='bbox 1047 593 1322 633; x_wconf 74' lang='lat' dir='ltr'><strong>concupiscentiis,</strong></span> 
     </span>
    </p>

    <p class='ocr_par' dir='ltr' id='par_1_15' title="bbox 941 640 1355 723">
     <span class='ocr_line' id='line_1_26' title="bbox 941 640 1355 681; baseline 0 -8"><span class='ocrx_word' id='word_1_78' title='bbox 941 640 986 673; x_wconf 88' lang='lat' dir='ltr'><strong>Ut</strong></span> <span class='ocrx_word' id='word_1_79' title='bbox 1011 649 1046 671; x_wconf 91' lang='lat' dir='ltr'><strong>se</strong></span> <span class='ocrx_word' id='word_1_80' title='bbox 1071 640 1174 681; x_wconf 83' lang='lat' dir='ltr'><strong>possit</strong></span> <span class='ocrx_word' id='word_1_81' title='bbox 1198 642 1355 681; x_wconf 87' lang='lat' dir='ltr'><strong>adaptare</strong></span> 
     </span>
     <span class='ocr_line' id='line_1_27' title="bbox 988 688 1277 723; baseline 0.01 -4"><span class='ocrx_word' id='word_1_82' title='bbox 988 688 1115 720; x_wconf 88' lang='lat' dir='ltr'><strong>Divinis</strong></span> <span class='ocrx_word' id='word_1_83' title='bbox 1139 689 1277 723; x_wconf 84' lang='lat' dir='ltr'><strong>solaciis,</strong></span> 
     </span>
    </p>
   </div>
   <div class='ocr_carea' id='block_1_8' title="bbox 937 775 1494 1145">
    <p class='ocr_par' dir='ltr' id='par_1_16' title="bbox 939 775 1428 863">
     <span class='ocr_line' id='line_1_28' title="bbox 939 775 1428 814; baseline 0.004 -9"><span class='ocrx_word' id='word_1_84' title='bbox 939 775 1020 811; x_wconf 82' lang='lat' dir='ltr'><strong>Ave,</strong></span> <span class='ocrx_word' id='word_1_85' title='bbox 1047 783 1189 814; x_wconf 83' lang='lat' dir='ltr'><strong>pangens</strong></span> <span class='ocrx_word' id='word_1_86' title='bbox 1217 775 1288 806; x_wconf 90' lang='lat' dir='ltr'><strong>duci</strong></span> <span class='ocrx_word' id='word_1_87' title='bbox 1315 784 1428 814; x_wconf 79' lang='lat' dir='ltr'><strong>pacem</strong></span> 
     </span>
     <span class='ocr_line' id='line_1_29' title="bbox 989 821 1322 863; baseline 0.006 -11"><span class='ocrx_word' id='word_1_88' title='bbox 989 821 1087 861; x_wconf 82' lang='lat' dir='ltr'><strong>Regis</strong></span> <span class='ocrx_word' id='word_1_89' title='bbox 1112 821 1322 863; x_wconf 78' lang='lat' dir='ltr'><strong>Babyloniae,</strong></span> 
     </span>
    </p>

    <p class='ocr_par' dir='ltr' id='par_1_17' title="bbox 940 868 1350 949">
     <span class='ocr_line' id='line_1_30' title="bbox 940 868 1350 909; baseline 0.007 -10"><span class='ocrx_word' id='word_1_90' title='bbox 940 870 970 899; x_wconf 90' lang='lat' dir='ltr'>A</span> <span class='ocrx_word' id='word_1_91' title='bbox 997 877 1046 899; x_wconf 88' lang='lat' dir='ltr'><strong>me</strong></span> <span class='ocrx_word' id='word_1_92' title='bbox 1071 871 1182 900; x_wconf 85' lang='lat' dir='ltr'><strong>averte</strong></span> <span class='ocrx_word' id='word_1_93' title='bbox 1206 868 1350 909; x_wconf 86' lang='lat' dir='ltr'><strong>fugacem</strong></span> 
     </span>
     <span class='ocr_line' id='line_1_31' title="bbox 991 915 1343 949; baseline 0.006 -2"><span class='ocrx_word' id='word_1_94' title='bbox 991 915 1176 948; x_wconf 87' lang='lat' dir='ltr'><strong>Mundanae</strong></span> <span class='ocrx_word' id='word_1_95' title='bbox 1200 917 1343 949; x_wconf 80' lang='lat' dir='ltr'><strong>laetitiae</strong></span> 
     </span>
    </p>

    <p class='ocr_par' dir='ltr' id='par_1_18' title="bbox 940 962 1468 1055">
     <span class='ocr_line' id='line_1_32' title="bbox 940 962 1468 1005; baseline 0.006 -12"><span class='ocrx_word' id='word_1_96' title='bbox 940 962 1035 1003; x_wconf 80' lang='lat' dir='ltr'><strong>Spem</strong></span> <span class='ocrx_word' id='word_1_97' title='bbox 1064 966 1094 994; x_wconf 86' lang='lat' dir='ltr'><strong>et</strong></span> <span class='ocrx_word' id='word_1_98' title='bbox 1119 964 1242 995; x_wconf 83' lang='lat' dir='ltr'><strong>hostem</strong></span> <span class='ocrx_word' id='word_1_99' title='bbox 1267 966 1468 1005; x_wconf 84' lang='lat' dir='ltr'><strong>pervicacem</strong></span> 
     </span>
     <span class='ocr_line' id='line_1_33' title="bbox 986 1010 1291 1055; baseline 0.007 -13"><span class='ocrx_word' id='word_1_100' title='bbox 986 1010 1124 1043; x_wconf 86' lang='lat' dir='ltr'><strong>Divinae</strong></span> <span class='ocrx_word' id='word_1_101' title='bbox 1149 1012 1291 1055; x_wconf 88' lang='lat' dir='ltr'><strong>militiae,</strong></span> 
     </span>
    </p>

    <p class='ocr_par' dir='ltr' id='par_1_19' title="bbox 937 1058 1494 1145">
     <span class='ocr_line' id='line_1_34' title="bbox 937 1058 1494 1101; baseline 0.009 -13"><span class='ocrx_word' id='word_1_102' title='bbox 937 1058 1031 1089; x_wconf 91' lang='lat' dir='ltr'><strong>Hunc</strong></span> <span class='ocrx_word' id='word_1_103' title='bbox 1060 1061 1095 1089; x_wconf 90' lang='lat' dir='ltr'><strong>ut</strong></span> <span class='ocrx_word' id='word_1_104' title='bbox 1121 1059 1246 1091; x_wconf 84' lang='lat' dir='ltr'><strong>vincam</strong></span> <span class='ocrx_word' id='word_1_105' title='bbox 1265 1064 1494 1101; x_wconf 83' lang='lat' dir='ltr'><strong>contumacem,</strong></span> 
     </span>
     <span class='ocr_line' id='line_1_35' title="bbox 984 1104 1321 1145; baseline 0.009 -9"><span class='ocrx_word' id='word_1_106' title='bbox 984 1104 1046 1145; x_wconf 72' lang='lat' dir='ltr'><strong>Da,</strong></span> <span class='ocrx_word' id='word_1_107' title='bbox 1072 1106 1142 1138; x_wconf 86' lang='lat' dir='ltr'><strong>zelo</strong></span> <span class='ocrx_word' id='word_1_108' title='bbox 1170 1107 1321 1140; x_wconf 85' lang='lat' dir='ltr'><strong>iustitiae.</strong></span> 
     </span>
    </p>
   </div>
   <div class='ocr_carea' id='block_1_9' title="bbox 585 1188 1132 1556">
    <p class='ocr_par' dir='ltr' id='par_1_20' title="bbox 585 1188 1012 1228">
     <span class='ocr_line' id='line_1_36' title="bbox 585 1188 1012 1228; baseline 0.002 -8"><span class='ocrx_word' id='word_1_109' title='bbox 585 1190 615 1221; x_wconf 82' lang='lat'><strong>5.</strong></span> <span class='ocrx_word' id='word_1_110' title='bbox 642 1188 722 1227; x_wconf 73' lang='lat' dir='ltr'><strong>Ave,</strong></span> <span class='ocrx_word' id='word_1_111' title='bbox 750 1189 823 1228; x_wconf 85' lang='lat' dir='ltr'><strong>quia</strong></span> <span class='ocrx_word' id='word_1_112' title='bbox 848 1189 1012 1221; x_wconf 81' lang='lat' dir='ltr'><strong>absolutus</strong></span> 
     </span>
    </p>

    <p class='ocr_par' dir='ltr' id='par_1_21' title="bbox 686 1236 1050 1276">
     <span class='ocr_line' id='line_1_37' title="bbox 686 1236 1050 1276; baseline 0.003 -7"><span class='ocrx_word' id='word_1_113' title='bbox 686 1236 798 1269; x_wconf 85' lang='lat' dir='ltr'><strong>Carnis</strong></span> <span class='ocrx_word' id='word_1_114' title='bbox 824 1236 864 1268; x_wconf 85' lang='lat' dir='ltr'><strong>ab</strong></span> <span class='ocrx_word' id='word_1_115' title='bbox 891 1238 1050 1276; x_wconf 83' lang='lat' dir='ltr'><strong>ergastulo</strong></span> 
     </span>
    </p>

    <p class='ocr_par' dir='ltr' id='par_1_22' title="bbox 635 1283 1092 1370">
     <span class='ocr_line' id='line_1_38' title="bbox 635 1283 1092 1317; baseline 0.007 -3"><span class='ocrx_word' id='word_1_116' title='bbox 635 1283 689 1314; x_wconf 85' lang='lat' dir='ltr'><strong>Ad</strong></span> <span class='ocrx_word' id='word_1_117' title='bbox 716 1284 820 1315; x_wconf 87' lang='lat' dir='ltr'><strong>caelos</strong></span> <span class='ocrx_word' id='word_1_118' title='bbox 846 1283 980 1316; x_wconf 85' lang='lat' dir='ltr'><strong>festinas</strong></span> <span class='ocrx_word' id='word_1_119' title='bbox 1005 1288 1092 1317; x_wconf 83' lang='lat' dir='ltr'><strong>tutus</strong></span> 
     </span>
     <span class='ocr_line' id='line_1_39' title="bbox 685 1330 984 1370; baseline 0.01 -9"><span class='ocrx_word' id='word_1_120' title='bbox 685 1330 760 1362; x_wconf 87' lang='lat' dir='ltr'><strong>Sine</strong></span> <span class='ocrx_word' id='word_1_121' title='bbox 785 1331 984 1370; x_wconf 87' lang='lat' dir='ltr'><strong>offendiculo,</strong></span> 
     </span>
    </p>

    <p class='ocr_par' dir='ltr' id='par_1_23' title="bbox 635 1378 1132 1467">
     <span class='ocr_line' id='line_1_40' title="bbox 635 1378 1132 1418; baseline 0.006 -9"><span class='ocrx_word' id='word_1_122' title='bbox 635 1378 698 1410; x_wconf 87' lang='lat' dir='ltr'><strong>Per</strong></span> <span class='ocrx_word' id='word_1_123' title='bbox 724 1381 765 1418; x_wconf 80' lang='lat' dir='ltr'><strong>te,</strong></span> <span class='ocrx_word' id='word_1_124' title='bbox 793 1387 918 1418; x_wconf 81' lang='lat' dir='ltr'><strong>precor,</strong></span> <span class='ocrx_word' id='word_1_125' title='bbox 944 1382 979 1411; x_wconf 88' lang='lat' dir='ltr'><strong>ut</strong></span> <span class='ocrx_word' id='word_1_126' title='bbox 1005 1380 1132 1412; x_wconf 85' lang='lat' dir='ltr'><strong>adiutus</strong></span> 
     </span>
     <span class='ocr_line' id='line_1_41' title="bbox 685 1424 1063 1467; baseline 0.008 -11"><span class='ocrx_word' id='word_1_127' title='bbox 685 1424 764 1457; x_wconf 88' lang='lat' dir='ltr'><strong>Cum</strong></span> <span class='ocrx_word' id='word_1_128' title='bbox 791 1427 920 1458; x_wconf 86' lang='lat' dir='ltr'><strong>caelesti</strong></span> <span class='ocrx_word' id='word_1_129' title='bbox 945 1428 1063 1467; x_wconf 86' lang='lat' dir='ltr'><strong>populo</strong></span> 
     </span>
    </p>

    <p class='ocr_par' dir='ltr' id='par_1_24' title="bbox 637 1472 1051 1556">
     <span class='ocr_line' id='line_1_42' title="bbox 637 1472 1051 1506; baseline 0.007 -3"><span class='ocrx_word' id='word_1_130' title='bbox 637 1472 748 1504; x_wconf 82' lang='lat' dir='ltr'><strong>Vivam</strong></span> <span class='ocrx_word' id='word_1_131' title='bbox 775 1474 894 1505; x_wconf 84' lang='lat' dir='ltr'><strong>virtute</strong></span> <span class='ocrx_word' id='word_1_132' title='bbox 922 1475 1051 1506; x_wconf 86' lang='lat' dir='ltr'><strong>indutus</strong></span> 
     </span>
     <span class='ocr_line' id='line_1_43' title="bbox 706 1520 1040 1556; baseline 0.012 -5"><span class='ocrx_word' id='word_1_133' title='bbox 706 1521 744 1552; x_wconf 87' lang='lat' dir='ltr'><strong>In</strong></span> <span class='ocrx_word' id='word_1_134' title='bbox 770 1520 877 1553; x_wconf 86' lang='lat' dir='ltr'><strong>futuro</strong></span> <span class='ocrx_word' id='word_1_135' title='bbox 903 1523 1040 1556; x_wconf 81' lang='lat' dir='ltr'><strong>saeculo.</strong></span> 
     </span>
    </p>
   </div>
   <div class='ocr_carea' id='block_1_10' title="bbox 253 1581 846 1620">
    <p class='ocr_par' dir='ltr' id='par_1_25' title="bbox 253 1581 846 1620">
     <span class='ocr_line' id='line_1_44' title="bbox 253 1581 846 1620; baseline 0.008 -11"><span class='ocrx_word' id='word_1_136' title='bbox 253 1583 279 1610; x_wconf 91' lang='lat' dir='ltr'><strong>A</strong></span> <span class='ocrx_word' id='word_1_137' title='bbox 298 1583 348 1610; x_wconf 83' lang='lat' dir='ltr'><strong>fol.</strong></span> <span class='ocrx_word' id='word_1_138' title='bbox 370 1581 405 1611; x_wconf 88' lang='lat'><strong>79</strong></span> <span class='ocrx_word' id='word_1_139' title='bbox 417 1592 443 1611; x_wconf 80' lang='lat' dir='ltr'><strong>a.</strong></span> <span class='ocrx_word' id='word_1_140' title='bbox 463 1598 502 1602; x_wconf 90' lang='lat'><strong>—</strong></span> <span class='ocrx_word' id='word_1_141' title='bbox 519 1585 576 1612; x_wconf 81' lang='lat' dir='ltr'><strong>Ofr.</strong></span> <span class='ocrx_word' id='word_1_142' title='bbox 596 1585 683 1613; x_wconf 84' lang='lat' dir='ltr'><strong>Anal.</strong></span> <span class='ocrx_word' id='word_1_143' title='bbox 704 1586 757 1620; x_wconf 82' lang='grc' dir='ltr'>ΙΙΙ,</span> <span class='ocrx_word' id='word_1_144' title='bbox 784 1584 846 1614; x_wconf 82' lang='grc'><strong>185.</strong></span> 
     </span>
    </p>
   </div>
   <div class='ocr_carea' id='block_1_11' title="bbox 603 1698 1051 1739">
    <p class='ocr_par' dir='ltr' id='par_1_26' title="bbox 603 1698 1051 1739">
     <span class='ocr_line' id='line_1_45' title="bbox 603 1698 1051 1739; baseline 0.007 -11"><span class='ocrx_word' id='word_1_145' title='bbox 603 1698 647 1729; x_wconf 85' lang='grc'><strong>78.</strong></span> <span class='ocrx_word' id='word_1_146' title='bbox 689 1698 729 1728; x_wconf 70' lang='lat' dir='ltr'><strong>De</strong></span> <span class='ocrx_word' id='word_1_147' title='bbox 752 1699 861 1730; x_wconf 82' lang='lat' dir='ltr'><strong>sancto</strong></span> <span class='ocrx_word' id='word_1_148' title='bbox 884 1698 1051 1739; x_wconf 83' lang='lat' dir='ltr'><strong>Stephano.</strong></span> 
     </span>
    </p>
   </div>
   <div class='ocr_carea' id='block_1_12' title="bbox 193 1776 772 1953">
    <p class='ocr_par' dir='ltr' id='par_1_27' title="bbox 193 1776 772 1953">
     <span class='ocr_line' id='line_1_46' title="bbox 193 1776 683 1816; baseline 0.004 -8"><span class='ocrx_word' id='word_1_149' title='bbox 193 1776 224 1809; x_wconf 89' lang='lat'><strong>1.</strong></span> <span class='ocrx_word' id='word_1_150' title='bbox 250 1776 330 1816; x_wconf 84' lang='lat' dir='ltr'><strong>Ave,</strong></span> <span class='ocrx_word' id='word_1_151' title='bbox 358 1777 412 1816; x_wconf 90' lang='lat' dir='ltr'><strong>qui</strong></span> <span class='ocrx_word' id='word_1_152' title='bbox 437 1777 534 1810; x_wconf 89' lang='lat' dir='ltr'><strong>verbo</strong></span> <span class='ocrx_word' id='word_1_153' title='bbox 561 1781 593 1809; x_wconf 90' lang='lat' dir='ltr'><strong>et</strong></span> <span class='ocrx_word' id='word_1_154' title='bbox 616 1779 683 1810; x_wconf 88' lang='lat' dir='ltr'><strong>vita</strong></span> 
     </span>
     <span class='ocr_line' id='line_1_47' title="bbox 253 1823 696 1865; baseline 0.005 -10"><span class='ocrx_word' id='word_1_155' title='bbox 253 1823 379 1864; x_wconf 70' lang='lat' dir='ltr'><strong>Floras,</strong></span> <span class='ocrx_word' id='word_1_156' title='bbox 406 1824 569 1865; x_wconf 85' lang='lat' dir='ltr'><strong>Stephane</strong></span> <span class='ocrx_word' id='word_1_157' title='bbox 592 1826 696 1865; x_wconf 70' lang='lat' dir='ltr'><strong>levita</strong></span> 
     </span>
     <span class='ocr_line' id='line_1_48' title="bbox 254 1871 772 1916; baseline 0.008 -14"><span class='ocrx_word' id='word_1_158' title='bbox 254 1871 384 1911; x_wconf 86' lang='lat' dir='ltr'><strong>Martyr</strong></span> <span class='ocrx_word' id='word_1_159' title='bbox 408 1873 530 1912; x_wconf 85' lang='lat' dir='ltr'><strong>primus</strong></span> <span class='ocrx_word' id='word_1_160' title='bbox 555 1874 635 1913; x_wconf 84' lang='lat' dir='ltr'><strong>legis</strong></span> <span class='ocrx_word' id='word_1_161' title='bbox 660 1883 772 1916; x_wconf 69' lang='lat' dir='ltr'><strong>novae,</strong></span> 
     </span>
     <span class='ocr_line' id='line_1_49' title="bbox 249 1919 636 1953; baseline 0.008 -3"><span class='ocrx_word' id='word_1_162' title='bbox 249 1919 308 1951; x_wconf 88' lang='lat' dir='ltr'><strong>Pia</strong></span> <span class='ocrx_word' id='word_1_163' title='bbox 333 1928 384 1951; x_wconf 89' lang='lat' dir='ltr'><strong>me</strong></span> <span class='ocrx_word' id='word_1_164' title='bbox 408 1920 528 1951; x_wconf 85' lang='lat' dir='ltr'><strong>virtute</strong></span> <span class='ocrx_word' id='word_1_165' title='bbox 553 1919 636 1953; x_wconf 85' lang='lat' dir='ltr'><strong>fove.</strong></span> 
     </span>
    </p>
   </div>
   <div class='ocr_carea' id='block_1_13' title="bbox 193 2005 912 2048">
    <p class='ocr_par' dir='ltr' id='par_1_28' title="bbox 193 2005 912 2048">
     <span class='ocr_line' id='line_1_50' title="bbox 193 2005 912 2048; baseline 0.008 -12"><span class='ocrx_word' id='word_1_166' title='bbox 193 2005 224 2036; x_wconf 85' lang='lat'><strong>2.</strong></span> <span class='ocrx_word' id='word_1_167' title='bbox 249 2006 331 2046; x_wconf 85' lang='lat' dir='ltr'><strong>Ave,</strong></span> <span class='ocrx_word' id='word_1_168' title='bbox 359 2005 412 2045; x_wconf 90' lang='lat' dir='ltr'><strong>qui</strong></span> <span class='ocrx_word' id='word_1_169' title='bbox 437 2006 538 2037; x_wconf 90' lang='lat' dir='ltr'><strong>vincis</strong></span> <span class='ocrx_word' id='word_1_170' title='bbox 564 2007 710 2048; x_wconf 84' lang='lat' dir='ltr'><strong>Iudaeos,</strong></span> <span class='ocrx_word' id='word_1_171' title='bbox 881 2011 912 2043; x_wconf 85' lang='lat'><strong>4.</strong></span> 
     </span>
    </p>
   </div>
   <div class='ocr_carea' id='block_1_14' title="bbox 247 2052 830 2188">
    <p class='ocr_par' dir='ltr' id='par_1_29' title="bbox 247 2052 830 2188">
     <span class='ocr_line' id='line_1_51' title="bbox 248 2052 784 2098; baseline 0.007 -14"><span class='ocrx_word' id='word_1_172' title='bbox 248 2052 368 2084; x_wconf 85' lang='lat' dir='ltr'><strong>Hostes</strong></span> <span class='ocrx_word' id='word_1_173' title='bbox 394 2062 454 2093; x_wconf 92' lang='lat' dir='ltr'><strong>per</strong></span> <span class='ocrx_word' id='word_1_174' title='bbox 478 2056 512 2085; x_wconf 87' lang='lat' dir='ltr'><strong>tc</strong></span> <span class='ocrx_word' id='word_1_175' title='bbox 537 2054 660 2086; x_wconf 85' lang='lat' dir='ltr'><strong>vincam</strong></span> <span class='ocrx_word' id='word_1_176' title='bbox 687 2064 784 2098; x_wconf 88' lang='lat' dir='ltr'><strong>meos,</strong></span> 
     </span>
     <span class='ocr_line' id='line_1_52' title="bbox 251 2099 830 2142; baseline 0.003 -10"><span class='ocrx_word' id='word_1_177' title='bbox 251 2099 386 2132; x_wconf 82' lang='lat' dir='ltr'><strong>Carnem</strong></span> <span class='ocrx_word' id='word_1_178' title='bbox 392 2109 531 2142; x_wconf 85' lang='lat' dir='ltr'><strong>saevam,</strong></span> <span class='ocrx_word' id='word_1_179' title='bbox 539 2102 669 2133; x_wconf 85' lang='lat' dir='ltr'><strong>stultum</strong></span> <span class='ocrx_word' id='word_1_180' title='bbox 678 2103 830 2135; x_wconf 86' lang='lat' dir='ltr'><strong>mundum</strong></span> 
     </span>
     <span class='ocr_line' id='line_1_53' title="bbox 247 2148 765 2188; baseline 0.008 -9"><span class='ocrx_word' id='word_1_181' title='bbox 247 2149 355 2188; x_wconf 83' lang='lat' dir='ltr'><strong>Atque</strong></span> <span class='ocrx_word' id='word_1_182' title='bbox 380 2148 531 2181; x_wconf 83' lang='lat' dir='ltr'><strong>Satanam</strong></span> <span class='ocrx_word' id='word_1_183' title='bbox 558 2149 765 2183; x_wconf 87' lang='lat' dir='ltr'><strong>immundum.</strong></span> 
     </span>
    </p>
   </div>
   <div class='ocr_carea' id='block_1_15' title="bbox 892 1782 1435 1826">
    <p class='ocr_par' dir='ltr' id='par_1_30' title="bbox 892 1782 1435 1826">
     <span class='ocr_line' id='line_1_54' title="bbox 892 1782 1435 1826; baseline 0.006 -13"><span class='ocrx_word' id='word_1_184' title='bbox 892 1799 909 1813; x_wconf 87' lang='lat'><strong>-.</strong></span> <span class='ocrx_word' id='word_1_185' title='bbox 936 1782 1017 1824; x_wconf 75' lang='lat' dir='ltr'><strong>Ave,</strong></span> <span class='ocrx_word' id='word_1_186' title='bbox 1045 1782 1099 1822; x_wconf 89' lang='lat' dir='ltr'><strong>qui</strong></span> <span class='ocrx_word' id='word_1_187' title='bbox 1123 1782 1287 1815; x_wconf 83' lang='lat' dir='ltr'><strong>Christum</strong></span> <span class='ocrx_word' id='word_1_188' title='bbox 1312 1784 1435 1826; x_wconf 86' lang='lat' dir='ltr'><strong>vidisti,</strong></span> 
     </span>
    </p>
   </div>
   <div class='ocr_carea' id='block_1_16' title="bbox 935 1830 1447 1967">
    <p class='ocr_par' dir='ltr' id='par_1_31' title="bbox 935 1830 1447 1967">
     <span class='ocr_line' id='line_1_55' title="bbox 935 1830 1447 1873; baseline 0.006 -12"><span class='ocrx_word' id='word_1_189' title='bbox 935 1830 1013 1862; x_wconf 90' lang='lat' dir='ltr'><strong>Cum</strong></span> <span class='ocrx_word' id='word_1_190' title='bbox 1039 1830 1082 1862; x_wconf 84' lang='lat' dir='ltr'><strong>ad</strong></span> <span class='ocrx_word' id='word_1_191' title='bbox 1109 1831 1232 1862; x_wconf 83' lang='lat' dir='ltr'><strong>eaelum</strong></span> <span class='ocrx_word' id='word_1_192' title='bbox 1257 1832 1447 1873; x_wconf 81' lang='lat' dir='ltr'><strong>respexisti3</strong></span> 
     </span>
     <span class='ocr_line' id='line_1_56' title="bbox 938 1877 1423 1912; baseline 0.004 -2"><span class='ocrx_word' id='word_1_193' title='bbox 938 1877 1102 1910; x_wconf 81' lang='lat' dir='ltr'><strong>Christum</strong></span> <span class='ocrx_word' id='word_1_194' title='bbox 1126 1878 1161 1910; x_wconf 87' lang='lat' dir='ltr'><strong>in</strong></span> <span class='ocrx_word' id='word_1_195' title='bbox 1187 1879 1285 1911; x_wconf 88' lang='lat' dir='ltr'><strong>caelis</strong></span> <span class='ocrx_word' id='word_1_196' title='bbox 1310 1880 1423 1912; x_wconf 82' lang='lat' dir='ltr'><strong>videre</strong></span> 
     </span>
     <span class='ocr_line' id='line_1_57' title="bbox 936 1924 1382 1967; baseline 0.009 -11"><span class='ocrx_word' id='word_1_197' title='bbox 936 1924 987 1956; x_wconf 82' lang='lat' dir='ltr'><strong>Da</strong></span> <span class='ocrx_word' id='word_1_198' title='bbox 1011 1925 1089 1956; x_wconf 89' lang='lat' dir='ltr'><strong>mihi</strong></span> <span class='ocrx_word' id='word_1_199' title='bbox 1114 1928 1145 1957; x_wconf 89' lang='lat' dir='ltr'><strong>et</strong></span> <span class='ocrx_word' id='word_1_200' title='bbox 1171 1927 1382 1967; x_wconf 85' lang='lat' dir='ltr'><strong>congaudere.</strong></span> 
     </span>
    </p>
   </div>
   <div class='ocr_carea' id='block_1_17' title="bbox 936 2010 1441 2192">
    <p class='ocr_par' dir='ltr' id='par_1_32' title="bbox 936 2010 1441 2192">
     <span class='ocr_line' id='line_1_58' title="bbox 939 2010 1415 2056; baseline 0.011 -15"><span class='ocrx_word' id='word_1_201' title='bbox 939 2010 1021 2050; x_wconf 85' lang='lat' dir='ltr'><strong>Ave,</strong></span> <span class='ocrx_word' id='word_1_202' title='bbox 1049 2011 1103 2050; x_wconf 89' lang='lat' dir='ltr'><strong>qui</strong></span> <span class='ocrx_word' id='word_1_203' title='bbox 1129 2020 1201 2043; x_wconf 86' lang='lat' dir='ltr'><strong>oras</strong></span> <span class='ocrx_word' id='word_1_204' title='bbox 1227 2022 1287 2052; x_wconf 90' lang='lat' dir='ltr'><strong>pro</strong></span> <span class='ocrx_word' id='word_1_205' title='bbox 1313 2013 1415 2056; x_wconf 83' lang='lat' dir='ltr'><strong>hoste,</strong></span> 
     </span>
     <span class='ocr_line' id='line_1_59' title="bbox 936 2058 1441 2104; baseline 0.014 -16"><span class='ocrx_word' id='word_1_206' title='bbox 936 2058 990 2089; x_wconf 91' lang='lat' dir='ltr'><strong>Ad</strong></span> <span class='ocrx_word' id='word_1_207' title='bbox 1014 2058 1081 2089; x_wconf 85' lang='lat' dir='ltr'><strong>tale</strong></span> <span class='ocrx_word' id='word_1_208' title='bbox 1104 2068 1155 2090; x_wconf 89' lang='lat' dir='ltr'><strong>me</strong></span> <span class='ocrx_word' id='word_1_209' title='bbox 1181 2060 1275 2092; x_wconf 80' lang='lat' dir='ltr'><strong>trahe</strong></span> <span class='ocrx_word' id='word_1_210' title='bbox 1300 2064 1375 2101; x_wconf 85' lang='lat' dir='ltr'><strong>post</strong></span> <span class='ocrx_word' id='word_1_211' title='bbox 1399 2066 1441 2104; x_wconf 83' lang='lat' dir='ltr'><strong>te,</strong></span> 
     </span>
     <span class='ocr_line' id='line_1_60' title="bbox 936 2105 1410 2150; baseline 0.013 -14"><span class='ocrx_word' id='word_1_212' title='bbox 936 2105 1033 2137; x_wconf 82' lang='lat' dir='ltr'><strong>Dulci</strong></span> <span class='ocrx_word' id='word_1_213' title='bbox 1058 2115 1186 2147; x_wconf 82' lang='lat' dir='ltr'><strong>semper</strong></span> <span class='ocrx_word' id='word_1_214' title='bbox 1211 2107 1302 2140; x_wconf 78' lang='lat' dir='ltr'><strong>fruar</strong></span> <span class='ocrx_word' id='word_1_215' title='bbox 1327 2119 1410 2150; x_wconf 82' lang='lat' dir='ltr'><strong>pace</strong></span> 
     </span>
     <span class='ocr_line' id='line_1_61' title="bbox 939 2152 1424 2192; baseline 0.014 -8"><span class='ocrx_word' id='word_1_216' title='bbox 939 2152 1018 2185; x_wconf 89' lang='lat' dir='ltr'><strong>Cum</strong></span> <span class='ocrx_word' id='word_1_217' title='bbox 1044 2154 1143 2187; x_wconf 85' lang='lat' dir='ltr'><strong>stulto</strong></span> <span class='ocrx_word' id='word_1_218' title='bbox 1170 2158 1201 2187; x_wconf 84' lang='lat' dir='ltr'><strong>et</strong></span> <span class='ocrx_word' id='word_1_219' title='bbox 1228 2159 1424 2192; x_wconf 85' lang='lat' dir='ltr'><strong>contumace.</strong></span> 
     </span>
    </p>
   </div>
   <div class='ocr_carea' id='block_1_18' title="bbox 577 2237 1085 2324">
    <p class='ocr_par' dir='ltr' id='par_1_33' title="bbox 577 2237 1085 2324">
     <span class='ocr_line' id='line_1_62' title="bbox 577 2237 1045 2282; baseline 0.004 -13"><span class='ocrx_word' id='word_1_220' title='bbox 577 2237 607 2270; x_wconf 84' lang='lat'><strong>5.</strong></span> <span class='ocrx_word' id='word_1_221' title='bbox 633 2237 715 2279; x_wconf 90' lang='lat' dir='ltr'><strong>Ave,</strong></span> <span class='ocrx_word' id='word_1_222' title='bbox 744 2238 830 2269; x_wconf 86' lang='lat' dir='ltr'><strong>saxis</strong></span> <span class='ocrx_word' id='word_1_223' title='bbox 854 2239 907 2277; x_wconf 87' lang='lat' dir='ltr'><strong>qui</strong></span> <span class='ocrx_word' id='word_1_224' title='bbox 932 2237 1045 2282; x_wconf 87' lang='lat' dir='ltr'><strong>finiris,</strong></span> 
     </span>
     <span class='ocr_line' id='line_1_63' title="bbox 631 2285 1085 2324; baseline 0.007 -8"><span class='ocrx_word' id='word_1_225' title='bbox 631 2285 662 2316; x_wconf 88' lang='lat' dir='ltr'>A</span> <span class='ocrx_word' id='word_1_226' title='bbox 688 2285 790 2324; x_wconf 91' lang='lat' dir='ltr'><strong>culpis</strong></span> <span class='ocrx_word' id='word_1_227' title='bbox 816 2294 867 2317; x_wconf 89' lang='lat' dir='ltr'><strong>me</strong></span> <span class='ocrx_word' id='word_1_228' title='bbox 892 2286 981 2318; x_wconf 89' lang='lat' dir='ltr'><strong>solve</strong></span> <span class='ocrx_word' id='word_1_229' title='bbox 1007 2288 1085 2319; x_wconf 89' lang='lat' dir='ltr'><strong>diris</strong></span> 
     </span>
    </p>
   </div>
   <div class='ocr_carea' id='block_1_19' title="bbox 630 2332 1172 2419">
    <p class='ocr_par' dir='ltr' id='par_1_34' title="bbox 630 2332 1172 2419">
     <span class='ocr_line' id='line_1_64' title="bbox 630 2332 1172 2374; baseline 0.007 -10"><span class='ocrx_word' id='word_1_230' title='bbox 630 2332 675 2364; x_wconf 82' lang='lat' dir='ltr'><strong>Et</strong></span> <span class='ocrx_word' id='word_1_231' title='bbox 700 2333 804 2365; x_wconf 86' lang='lat' dir='ltr'><strong>deduc</strong></span> <span class='ocrx_word' id='word_1_232' title='bbox 829 2337 901 2374; x_wconf 86' lang='lat' dir='ltr'><strong>post</strong></span> <span class='ocrx_word' id='word_1_233' title='bbox 927 2335 1012 2367; x_wconf 84' lang='lat' dir='ltr'><strong>vitae</strong></span> <span class='ocrx_word' id='word_1_234' title='bbox 1036 2339 1172 2368; x_wconf 86' lang='lat' dir='ltr'><strong>mortem</strong></span> 
     </span>
     <span class='ocr_line' id='line_1_65' title="bbox 631 2380 1170 2419; baseline 0.013 -8"><span class='ocrx_word' id='word_1_235' title='bbox 631 2380 751 2412; x_wconf 89' lang='lat' dir='ltr'><strong>Tecum</strong></span> <span class='ocrx_word' id='word_1_236' title='bbox 777 2382 819 2413; x_wconf 83' lang='lat' dir='ltr'><strong>ad</strong></span> <span class='ocrx_word' id='word_1_237' title='bbox 846 2382 1016 2415; x_wconf 86' lang='lat' dir='ltr'><strong>caelestem</strong></span> <span class='ocrx_word' id='word_1_238' title='bbox 1041 2386 1170 2419; x_wconf 83' lang='lat' dir='ltr'><strong>sortem.</strong></span> 
     </span>
    </p>
   </div>
   <div class='ocr_carea' id='block_1_20' title="bbox 249 2442 848 2480">
    <p class='ocr_par' dir='ltr' id='par_1_35' title="bbox 249 2442 848 2480">
     <span class='ocr_line' id='line_1_66' title="bbox 249 2442 848 2480; baseline 0.007 -10"><span class='ocrx_word' id='word_1_239' title='bbox 249 2443 276 2470; x_wconf 88' lang='lat' dir='ltr'>A</span> <span class='ocrx_word' id='word_1_240' title='bbox 294 2443 344 2470; x_wconf 87' lang='lat' dir='ltr'><strong>fol.</strong></span> <span class='ocrx_word' id='word_1_241' title='bbox 366 2442 402 2472; x_wconf 87' lang='lat'><strong>79</strong></span> <span class='ocrx_word' id='word_1_242' title='bbox 414 2444 441 2472; x_wconf 95' lang='lat' dir='ltr'><strong>b.</strong></span> <span class='ocrx_word' id='word_1_243' title='bbox 463 2459 500 2463; x_wconf 94' lang='lat'>—</span> <span class='ocrx_word' id='word_1_244' title='bbox 522 2444 577 2472; x_wconf 79' lang='lat' dir='ltr'><strong>cfr.</strong></span> <span class='ocrx_word' id='word_1_245' title='bbox 599 2446 686 2473; x_wconf 87' lang='lat' dir='ltr'><strong>Anal.</strong></span> <span class='ocrx_word' id='word_1_246' title='bbox 706 2446 761 2480; x_wconf 86' lang='lat'>111,</span> <span class='ocrx_word' id='word_1_247' title='bbox 785 2444 848 2474; x_wconf 83' lang='lat'>187.</span> 
     </span>
    </p>
   </div>
  </div>
 </body>
</html>
