1651 2700
700 154 959 190 —188—

183 251 214 283 3.
242 251 291 282 Tu
315 251 402 284 solus
429 251 665 292 dilectissimus,

241 299 290 330 Tu
315 298 395 330 facis
419 298 602 339 placabilia,

240 346 290 378 Tu
316 355 348 377 es
373 346 635 387 vii-tuosissimus,

240 393 290 425 Tu
314 402 422 425 manes
447 394 479 425 in
505 394 651 436 victoria,

240 441 289 472 Tu
313 450 410 482 super
435 450 543 473 omnes
569 442 725 474 maximus

240 489 290 520 Tu
314 487 457 529 facisque
481 490 650 530 magnalia.

204 584 212 592 .
238 560 297 602 Tu,
323 559 421 600 Deus,
448 560 676 602 nobilissimus,

237 607 286 639 Tu
312 607 369 639 das
394 610 524 640 aeterna
547 608 675 649 gaudia,

238 655 288 686 Tu
314 663 406 687 verus
430 655 528 698 Deus,
552 656 719 698 Dominus,

238 702 288 734 Tu
312 703 397 734 solus
421 706 535 742 potens
561 703 675 745 omnia,

237 749 286 781 Tu
311 750 396 781 solus
423 758 456 781 es
481 749 686 790 fortissimus,

238 797 286 828 Tu
311 806 420 828 manes
444 798 477 829 in
504 798 692 831 constantia.

197 892 204 899 .
234 867 283 899 Tu
308 868 393 899 solus
420 876 453 899 es
480 869 686 909 clarissimus,

236 915 285 946 Tu
310 915 446 955 praebes
471 916 651 956 luminaria,

236 962 285 993 Tu
310 963 395 994 solus
422 972 454 994 es
478 964 688 1004 gratissimus,

235 1009 284 1041 Tu
309 1019 457 1042 muneras
483 1011 624 1053 servitia,

237 1057 286 1088 Tu
309 1057 395 1089 solus
421 1066 454 1090 es
478 1058 663 1098 lat-issimus,

235 1104 283 1135 Tu
308 1113 429 1136 summa
454 1105 621 1145 sapientia.

869 253 901 285 6.
928 253 977 285 Tu
1002 252 1088 285 solus
1113 252 1393 294 prudentissimus,

925 300 975 332 Tu
999 300 1084 341 regis
1109 300 1324 343 providentia,

925 348 974 380 Tu
999 349 1085 380 solus
1110 347 1375 390 perfectissimus,

925 396 973 428 Tu
998 395 1079 428 facis
1105 396 1272 437 sanabilia,

923 444 972 475 Tu
999 453 1031 475 es
1057 444 1353 487 excellentissimus,

923 491 972 523 Tu
998 491 1116 523 retines
1142 492 1303 525 caelestia.

889 589 895 596 .
920 563 969 594 Tu
995 572 1028 594 es
1053 563 1317 604 sapientissimus,

923 610 972 642 Tu
996 610 1110 650 plenus
1137 619 1169 642 es
1196 611 1341 650 scientia,

922 658 971 690 Tu
995 658 1091 690 laude
1116 666 1149 689 es
1176 658 1389 702 dignissimus,

921 705 970 737 Tu
994 705 1108 745 plenus
1134 706 1219 737 omni
1243 706 1354 750 gloria,

920 752 970 784 Tu
994 761 1103 784 manes
1127 753 1373 794 lucentissimus,

920 800 970 831 Tu
994 799 1075 832 facis
1100 801 1192 840 nigra
1216 802 1399 841 splendida.

886 895 893 903 .
919 871 969 902 Tu
994 879 1027 902 es
1052 872 1336 916 mansuetissimus,

919 918 969 950 Tu
994 917 1087 950 fortis
1111 919 1278 960 patientia,

919 965 969 997 Tu
994 965 1087 1006 fidus,
1113 965 1319 999 fidelissimus

919 1014 970 1045 Tu
996 1014 1194 1054 mandasque
1219 1014 1338 1056 fidelia,

918 1061 968 1092 Tu
989 1064 1074 1093 totus
1100 1070 1133 1093 es
1159 1062 1349 1101 purissimus

919 1109 969 1141 Tu
994 1107 1138 1149 facisque
1161 1110 1291 1143 nobilia.

515 1177 546 1209 9.
572 1177 622 1208 Tu
646 1186 796 1218 summus,
823 1177 1037 1221 felicissimus,

571 1224 621 1255 Tu
648 1224 810 1265 donasque
832 1224 949 1264 felicia,

574 1271 622 1303 Tu
647 1272 739 1303 nobis
764 1273 808 1304 sis
832 1274 1005 1313 piissimus,

573 1318 621 1350 Tu
646 1319 743 1351 lauda
767 1329 825 1352 nos
851 1321 1031 1361 clementia,

575 1366 624 1397 Tu
648 1367 818 1399 miserator
843 1369 999 1409 omnibus,

573 1413 640 1445 Nos
665 1415 755 1454 reple
779 1417 833 1447 tua
856 1416 969 1456 gratia.

387 1502 413 1533 5.
453 1502 588 1542 Hymnus
617 1503 653 1535 ‹le
675 1504 795 1536 Christo
815 1505 881 1537 filio
904 1508 936 1538 et
957 1507 994 1538 de
1013 1508 1143 1540 natione
1164 1509 1241 1541 eius.

196 1603 203 1610 .
228 1578 449 1610 Annuntiante
474 1580 585 1620 angelo

231 1625 374 1667 Carnem,
401 1626 535 1669 Christe,
563 1628 742 1667 suscepisti,

230 1673 278 1706 Ut
301 1674 386 1705 salus
413 1677 497 1705 esset
521 1674 649 1714 populo,

227 1721 280 1753 Ad
308 1721 368 1753 hoc
390 1721 509 1763 quippe
535 1722 738 1764 descendisti,

226 1768 365 1800 Sociaris
392 1767 461 1811 (ab)
488 1770 689 1810 archangelo,

226 1816 353 1855 Pauper
378 1825 447 1848 esse
472 1817 609 1849 voluisti.

194 1914 199 1919 .
227 1887 303 1919 Orto
330 1887 435 1919 sidere
461 1888 524 1920 iam
549 1889 630 1921 lucis

226 1935 276 1965 Ac
300 1935 395 1966 stella
418 1935 452 1966 in
477 1935 601 1967 oriente

229 1981 371 2013 Christus
397 1983 480 2023 gerit
504 1983 626 2023 signum
654 1985 756 2017 crucis

225 2030 301 2068 Ipso
327 2030 423 2061 vitam
450 2029 610 2062 referente

227 2076 327 2108 Nobis
351 2077 496 2109 omnibus
523 2079 662 2118 caducis,

227 2124 355 2156 Cunctis
382 2134 417 2157 eo
443 2126 616 2159 relucente.

190 2223 196 2230 .
224 2196 262 2228 In
287 2197 437 2237 virginali
460 2201 551 2230 utero

225 2245 314 2276 lesus
341 2244 489 2277 Christus
514 2249 549 2277 tu
575 2249 757 2289 conceptus,

222 2293 261 2324 In
285 2295 399 2324 ventre
424 2293 608 2326 beatissimo

223 2339 272 2371 Tu
297 2341 518 2373 sanctissimus
542 2340 717 2384 perfectus,

223 2388 269 2421 Ut
293 2388 360 2420 vita
385 2393 469 2420 esset
492 2390 622 2432 populo,

222 2435 271 2467 Tu
295 2444 375 2476 prae
401 2437 523 2469 cunctis
550 2446 583 2469 es
610 2438 739 2472 electus.

854 1584 887 1616 4.
913 1584 973 1623 Tu,
1000 1583 1156 1624 Christus,
1177 1585 1386 1618 admirabilis

913 1631 957 1663 Et
981 1632 1151 1671 purissime
1176 1636 1211 1664 tu
1235 1642 1360 1674 gerens,

911 1679 996 1711 Prae
1022 1679 1144 1711 cunctis
1169 1683 1204 1711 tu
1232 1681 1379 1713 amabilis

912 1726 957 1758 Et
982 1728 1185 1759 sanctissima
1207 1731 1243 1760 tu
1267 1729 1412 1769 loquens.

911 1774 961 1805 Tu
986 1783 1113 1816 semper
1137 1784 1170 1807 es
1199 1776 1356 1809 durabilis

909 1821 953 1853 Et
979 1825 1014 1854 tu
1041 1825 1155 1855 cuncta
1180 1824 1265 1856 bona
1290 1825 1419 1859 docens.

879 1917 886 1924 .
913 1893 1073 1925 Virtutum
1101 1904 1133 1926 es
1159 1896 1381 1938 primordium,

912 1941 960 1972 Tu
986 1940 1093 1973 ferens
1119 1952 1242 1974 omnem
1269 1945 1416 1986 gratiam,

912 1988 962 2019 Tu
986 1988 1048 2020 lux.
1069 1992 1101 2021 et
1123 1990 1231 2022 lumen
1258 1993 1413 2036 cordium,

912 2035 1049 2068 Trihuta
1073 2037 1133 2068 tibi
1159 2037 1286 2082 faciam,

910 2083 960 2114 Tu
986 2092 1019 2115 es
1043 2086 1192 2124 repulsor
1214 2088 1368 2130 sordium,

911 2130 988 2171 Fac,
1015 2135 1050 2163 ut
1073 2132 1107 2164 in
1132 2133 1215 2166 bono
1240 2136 1372 2169 iaceam.

876 2226 883 2234 .
911 2203 1108 2237 Inclinamur
1133 2208 1209 2240 tuae
1234 2208 1324 2240 laudi

912 2250 979 2283 Nos
1004 2254 1142 2293 tuaeque
1166 2256 1341 2298 potentiae,

911 2298 1084 2332 Cantamus
1110 2302 1170 2333 tibi
1195 2300 1264 2347 [de]
1292 2306 1408 2345 grandi

909 2346 1029 2379 Maiori
1053 2349 1241 2394 sapientiae,

911 2394 960 2426 Tu
986 2404 1019 2427 es
1044 2400 1156 2430 auctor
1179 2408 1237 2432 nos
1263 2402 1401 2435 sanandi

908 2442 953 2474 Et
978 2444 1092 2483 plenus
1117 2444 1189 2478 fons
1217 2448 1415 2486 clementiae.

1412 2332 1419 2348 7
