1651 2700
724 117 961 154 -55—

186 209 222 241 2.
250 209 380 251 Effugat
407 211 568 244 diabolum
885 216 918 248 5.
946 215 1140 248 Collaudant
1164 216 1332 249 victoriam

299 257 387 291 Deus
410 259 540 299 plenum
566 261 663 293 sorde
991 263 1097 295 Huius
1123 263 1301 307 militantis,

250 306 348 338 Suum
373 315 433 347 per
457 309 638 347 apostolum
943 310 1107 343 Mirantur
1132 312 1348 351 praesentiam

297 354 348 387 Ab
375 355 529 388 Indorum
555 357 664 391 corde.
992 358 1089 391 Cuius
1111 359 1350 400 triumphantis,

185 440 223 473 3.
250 440 402 481 Aegrotis
426 441 571 474 remedia

298 488 472 520 Praestans
497 490 625 529 potiora
1063 492 1110 520 Ad
1129 492 1310 530 Mag-nificat.

251 534 383 567 Cunctis
411 535 567 569 beneficia

296 583 409 616 Donat
432 585 583 626 largiora,
869 579 911 612 A.
944 577 1189 620 Magnificemus
1215 581 1378 614 hominum

941 627 1194 669 Redemptorem
1221 632 1254 661 et
1282 630 1444 662 dominum

188 670 221 702 4.
250 669 434 710 congregat
456 670 490 702 in
516 671 634 704 horrea
993 676 1181 708 Vincentem
1204 677 1239 709 in
1263 678 1361 718 ligno,

295 718 409 750 Omnia
435 719 595 751 cernentis
940 723 1181 757 Bartholomaei
1204 725 1331 767 iugibus

244 765 367 798 Multos
392 766 478 798 iacta
500 767 597 807 palea
939 772 1100 804 Absolvat
1123 773 1358 806 interventibus

296 813 435 846 Fructus
460 815 581 848 multae
605 817 721 857 gentis,
987 821 1035 854 Ut
1058 830 1115 853 nos
1141 830 1161 853 a
1184 822 1335 863 maligno.

249 899 273 927 Β
290 899 340 927 fcl.
357 897 438 928 1701>
453 909 497 937 sq.
512 916 550 920 -
570 901 613 929 Es
627 902 701 930 fehlt
714 903 767 931 das
780 904 1000 933 Invitatorium.
1015 920 1053 925 —
1068 905 1119 933 Ad
1133 906 1239 934 Prim.
1250 907 1284 942 A,
1300 912 1315 934 ·.
1332 907 1504 936 Gaudrnter

168 937 230 965 {hoo
247 937 305 965 hoc
323 938 381 966 hoc
400 939 455 966 Hs.

614 1052 641 1084 6.
674 1052 718 1084 De
737 1054 847 1085 sancto
869 1054 1064 1086 colomanno.

307 1160 324 1192 I
333 1169 354 1191 n
386 1161 417 1193 1,
448 1160 473 1191 V
484 1169 501 1192 e
511 1170 525 1192 s
536 1170 556 1201 p
569 1169 586 1192 e
595 1161 632 1192 ri
642 1171 668 1193 s,
939 1154 992 1188 Ab
1018 1155 1069 1187 his
1096 1158 1218 1196 septem
1244 1157 1399 1196 parvulus

938 1202 1377 1291 IStssffuggiuafissimELucstebatur
1386 1264 1393 1270 ·

386 1275 478 1312 Antip
479 1275 584 1304 honae.
865 1298 904 1332 V.
943 1298 1073 1340 Septem
1099 1300 1204 1331 sancti
1229 1301 1363 1340 spiritus

180 1352 215 1386 1.
242 1351 350 1384 Hodie
376 1354 513 1385 ecclesia
985 1347 1089 1379 Donis
1115 1347 1162 1379 sic
1189 1348 1321 1389 ditatus,

293 1400 481 1434 Colomanni
507 1401 592 1435 festa
937 1394 984 1427 Ut
1009 1398 1133 1435 septem
1159 1396 1335 1429 virtutibus

244 1449 331 1482 Colit
356 1458 427 1481 cum
452 1450 588 1491 laetitia,
984 1441 1104 1484 Fulget
1129 1444 1302 1477 laureatus.

289 1497 414 1530 Cuncta
440 1499 558 1531 cedant
582 1502 714 1534 maesta.
1061 1528 1107 1556 Ad
1126 1529 1310 1565 Magnificat.

173 1585 210 1618 2.
239 1584 456 1617 Colomannus
482 1586 609 1617 exsulat
937 1597 1062 1637 Gaude,
1089 1596 1208 1629 florens
1235 1599 1383 1639 Austria,

286 1632 337 1665 De
361 1635 451 1665 terra
476 1632 655 1675 Scotorum,
984 1645 1035 1678 De
1061 1645 1229 1678 Scotorum
1252 1647 1376 1687 germin

238 1680 348 1713 Morte
374 1680 444 1713 fera
467 1682 649 1723 strangulat
1031 1694 1194 1726 Decenter
1219 1698 1344 1736 ornata,

288 1729 389 1768 Quem
415 1737 492 1769 gens
517 1729 721 1764 Noricorum.
936 1742 1037 1774 Beata
1064 1751 1124 1782 per
1150 1742 1256 1774 omnia

986 1789 1182 1823 Golomanno
1210 1790 1368 1831 sanguine

1031 1838 1190 1880 Martyris
1216 1839 1337 1879 ditata3

935 1886 1042 1929 Digne
1066 1887 1164 1927 plane
1190 1887 1377 1928 gratularis,

983 1936 1071 1976 Quae
1097 1935 1138 1968 de
1163 1938 1229 1968 tam
1256 1936 1395 1977 egregiis

982 1985 1027 2017 Et
1052 1984 1154 2016 sacris
1185 1985 1331 2025 reliquiis

934 2032 1029 2065 Felix
1055 2033 1269 2073 praedicaris,

173 1815 210 1847 3.
240 1813 381 1847 Infamat
406 1815 548 1855 suspicio

285 1862 385 1896 Falsa
410 1863 496 1895 hunc
521 1863 650 1896 beatum

236 1911 424 1945 Decernens
450 1913 627 1953 suspendio

283 1961 386 1993 Reum
412 1961 483 1994 Deo
509 1964 648 2003 gratum.

170 2049 209 2080 4.
236 2048 296 2092 En⁷
325 2048 505 2080 succumbit
532 2048 654 2081 veritas

286 2096 411 2130 Cedens
438 2095 587 2140 falsitati,

233 2145 311 2179 Vim
336 2144 447 2178 furens
472 2146 626 2186 iniquitas

280 2193 376 2227 Facit
399 2193 566 2235 aequitati.

1007 2130 1066 2162 Ad
1091 2129 1275 2162 Matutin
1286 2139 1353 2163 um.

1069 2215 1291 2243 Invitatorium.

154 2280 198 2315 R.
235 2281 347 2314 Virtus
375 2280 566 2322 theologicis
932 2283 1116 2315 Adoremus
1140 2283 1237 2315 latria

279 2330 399 2362 Tribus
426 2329 614 2369 circulatur,
980 2331 1153 2363 Dominum
1179 2332 1350 2375 caelorum,

232 2378 391 2418 Quattuor
416 2378 559 2418 politicis
935 2378 1132 2411 Golomanno
1158 2380 1276 2420 gaudia

280 2426 427 2459 Circulus
454 2427 648 2469 quadratur,
982 2427 1123 2460 Dantem
1150 2429 1353 2469 gaudiorum.
