1651 2700
196 249 203 257 .
231 226 313 267 Ave,
341 227 395 267 qui
420 228 454 259 in
481 230 619 261 carceris

277 275 408 307 Artaris
432 276 578 316 horrore,

230 321 295 354 Ubi
321 323 417 363 plura
441 324 563 364 pateris

276 371 341 403 Pro
367 371 430 403 Dei
455 381 575 413 amore,

230 417 361 450 Salvum
387 418 440 451 fac
465 429 483 451 a
507 421 625 452 veteris

278 466 402 506 Culpae
426 476 477 499 me
504 467 627 500 foetore

228 513 284 545 Me
310 523 470 547 exornans
496 516 603 555 operis

278 562 360 594 Boni
387 563 475 594 dulci
500 572 599 597 more.

561 642 593 674 5.
619 641 691 673 Ave

693 135 952 170 —127—

865 233 897 265 4.
922 233 1001 273 Ave,
1031 234 1084 274 qui
1109 234 1143 266 in
1168 233 1299 266 flumine

971 281 1168 322 Mergendus
1193 282 1324 314 iactaris

922 328 967 360 Et
990 338 1050 368 pro
1078 329 1197 362 Christi
1223 330 1350 363 nomine

972 376 1085 416 Capite
1110 379 1267 420 multaris,

923 423 1019 456 Solve
1044 434 1094 456 me
1122 426 1162 458 de
1188 426 1320 458 crimine

971 471 1128 505 Precibus
1154 475 1343 516 praeclaris,

921 518 967 551 Ut
991 520 1024 551 in
1052 521 1134 552 caeli
1158 522 1280 553 lumine

971 566 1037 598 Sim
1065 577 1136 599 cum
1161 569 1223 600 Dei
1250 570 1346 603 caris,

694 666 701 682 ‚
727 641 782 681 qui
803 642 963 675 sideream

665 690 773 722 Intras
799 690 963 731 regionem

618 738 691 778 Aug

666 785 690 818 O

619 832 690 865 Eva

693 746 749 769 ens
775 738 857 770 caeli
883 748 1013 771 auream

693 786 963 830 ongregationem‚

693 834 766 866 dam
792 837 977 876 tartaream,

665 881 743 925 Fac,
771 886 807 915 ut
827 883 1010 922 passionem

618 929 664 961 Et
688 932 792 961 tecum
818 930 977 963 sideream

672 976 801 1009 Sumam
827 979 1036 1013 mansionem.

230 1040 256 1067 A
278 1041 329 1068 fol.
353 1039 388 1069 13
396 1042 423 1069 b.

604 1136 649 1167 37.

192 1239 199 1246 .
225 1214 307 1255 Ave,
335 1224 353 1246 o
381 1214 531 1256 Caecilia,

271 1262 355 1294 Tota
380 1264 538 1304 speciosa,

224 1311 362 1351 Gaudes,
389 1314 425 1342 ut
449 1312 477 1343 si
503 1312 573 1345 lilia

275 1358 347 1391 Sint
373 1359 483 1391 iuncta
509 1369 581 1392 cum
606 1369 691 1402 rosa,

229 1406 414 1439 Contemnis
441 1408 591 1440 sublimia

269 1454 315 1487 Et
339 1455 522 1497 imperiosa,

223 1502 329 1542 Eligis
355 1503 491 1536 humilia

269 1551 385 1591 Magis,
415 1552 566 1593 gratiosa.

191 1653 198 1661 .
225 1628 307 1668 Ave,
335 1638 417 1668 quae
442 1629 483 1661 ab
508 1630 617 1670 impiis

267 1677 373 1709 Nimis
400 1678 571 1718 aversaris,

223 1724 306 1756 Nam
332 1725 500 1757 obscaenis
527 1726 648 1768 nuptiis

269 1773 318 1805 Tu
343 1782 408 1805 non
436 1774 619 1815 delectaris,

223 1820 288 1853 Sed
313 1821 377 1862 piis
402 1822 436 1854 in
461 1823 578 1855 studiis

272 1871 355 1903 Tota
381 1871 593 1914 conversaris,

220 1917 307 1950 Hinc
333 1919 414 1951 caeli
440 1919 565 1951 deliciis

268 1966 374 2007 Digne
399 1968 540 2001 satiaris.

555 2048 586 2080 5.
615 2048 696 2088 Ave,

691 1136 736 1168 De
756 1138 868 1168 sancta
890 1137 1036 1169 Caecilia.

862 1219 893 1251 3.
920 1220 1001 1257 Ave,
1030 1219 1147 1251 decens
1173 1219 1268 1259 viola,

973 1267 1050 1299 Flos
1075 1267 1277 1307 humilitatis,

919 1314 957 1346 In
983 1323 1034 1346 me
1058 1324 1217 1355 nunquam
1244 1316 1331 1349 viola

967 1362 1082 1394 Fidem
1110 1363 1267 1407 caritatis,

919 1410 1001 1442 Dele
1026 1409 1114 1443 facta
1141 1410 1260 1443 frivola

966 1458 1062 1490 Meae
1087 1459 1269 1501 pravitatis,

919 1505 971 1537 Ne
997 1507 1168 1539 damnatae
1192 1507 1301 1540 incola

967 1554 1061 1587 Fiam
1094 1555 1243 1589 civitatis,

919 1632 1001 1668 Ave,
1028 1641 1147 1672 sponsa
1171 1633 1285 1664 sedula

968 1679 1055 1711 Almi
1082 1681 1307 1724 redemptoris,

917 1727 988 1759 Tua
1012 1737 1110 1768 prece
1133 1729 1240 1760 iacula

968 1777 1101 1809 Vmcam
1127 1776 1341 1817 temptatoris,

919 1823 991 1856 Non
1016 1833 1069 1856 me
1094 1824 1199 1858 fuscet
1224 1825 1350 1858 macula

968 1873 1064 1906 Uitra
1089 1873 1184 1914 pravi
1210 1874 1319 1914 moris,

920 1919 1086 1953 Succende
1112 1930 1163 1953 me
1189 1921 1297 1953 facula

969 1969 1080 2003 Divini
1105 1971 1235 2003 amoris.

723 2048 755 2079 in
782 2048 844 2080 hoc
869 2049 998 2081 saeculo

659 2096 745 2128 Rosa
771 2097 841 2129 sine
867 2098 971 2140 spina,

611 2145 650 2177 In
676 2145 789 2177 mortis
815 2146 952 2178 articulo

656 2193 688 2225 A

608 2240 691 2273 Mihi

690 2201 804 2225 ceurre
830 2192 958 2233 festina,

717 2244 772 2273 tuo
798 2240 918 2274 famulo

657 2289 824 2322 Assistens
848 2290 965 2330 vicina,

608 2337 654 2369 Et
676 2338 708 2369 in
734 2339 809 2371 Iesu
831 2338 951 2370 lectulo

656 2386 713 2418 Me
738 2388 844 2418 tecum
870 2386 1003 2418 recIina.

223 2452 249 2477 A
270 2451 321 2479 fol.
342 2449 412 2481 80b.
434 2467 473 2471 —
495 2453 553 2481 Cfr.
575 2452 662 2481 Anal.
682 2453 738 2487 HL
763 2451 817 2481 193
840 2462 883 2490 sq.
