1651 2700
694 160 923 196 -34-

165 254 198 287 5.
224 253 388 285 Idolorum
415 253 582 293 pontifices
855 259 885 293 7.
912 258 1031 291 Reatus
1054 261 1091 290 ut
1115 268 1134 290 a
1159 259 1286 291 sarcina

224 300 306 332 Tota
330 304 477 341 permota
500 303 606 342 patria
909 305 1052 338 Liberati
1079 305 1218 338 feliciter

223 348 384 380 Virtutum
411 350 467 381 hos
492 350 621 390 opifices
913 353 1000 386 Caeli
1026 363 1194 394 carpamus
1220 353 1330 385 limina

224 395 321 428 Lucis
347 399 497 436 torquent
520 399 676 438 angustia.
912 401 991 434 Cum
1016 402 1137 442 angelis
1159 401 1358 441 perenniter.

168 459 200 491 6.
227 458 322 490 Tales
350 458 445 490 duces
471 462 503 491 et
525 461 701 503 praesuleS‚
852 463 882 495 8.
910 462 1023 495 Honor
1044 463 1131 503 patri
1153 462 1294 503 ingenito

222 505 315 537 Talia
339 506 518 545 luminaria,
907 509 1049 552 Eiusque
1073 510 1246 552 unigenito,

221 552 289 584 Nos
315 554 517 586 consolentur
542 555 668 587 exsules
908 556 957 589 Sit
981 566 1108 598 semper
1131 558 1201 590 laus
1227 560 1260 589 et
1283 557 1396 590 inclito

219 600 292 633 Hac
315 600 349 631 in
373 602 483 633 mundi
511 602 647 640 miseria,
908 604 1043 644 Spiritui
1067 606 1238 645 paraclito.

224 654 250 683 B
270 656 321 683 fol.
343 654 397 684 169
419 657 447 684 b.
471 672 505 676 —
530 658 612 685 Nach
634 657 692 685 Str.
713 656 730 685 5
751 659 877 686 Divisio.

586 731 629 762 14.
670 732 712 763 De
733 732 838 763 saneto
862 732 1019 764 Udalrico.

321 788 352 819 1.
379 787 521 819 Solarem
548 787 672 819 radium
697 788 769 819 luce
791 788 996 827 purissimum

376 834 496 866 Terrae
523 834 578 866 dat
601 835 755 874 gremium
783 836 901 867 mundo
926 837 1154 878 gratissimum,

375 881 533 913 Gaudium
559 882 713 921 exsulum,
741 890 889 913 coronam
916 884 1108 923 praesulum,

423 929 611 962 Udalricum
636 929 824 962 antistitem.

318 991 350 1022 2,
376 991 406 1022 A
432 990 570 1031 pueritia
595 990 648 1022 hic
672 991 886 1023 innocentiam

374 1038 476 1069 Felici
501 1038 603 1077 gratia
628 1041 718 1069 tenet
743 1039 916 1075 innoxiam,

375 1085 503 1116 Instans
528 1085 654 1116 ieiuniis
680 1085 807 1125 piisque
831 1086 948 1118 studiis

427 1132 541 1164 Carnis
566 1132 652 1163 elisit
676 1131 829 1166 fomitem.

318 1196 350 1227 3.
377 1194 557 1225 Prudenter
581 1194 727 1234 laqueum
757 1194 881 1226 devitat
904 1195 1071 1237 scelerum,

376 1239 541 1272 Virtutum
567 1241 702 1280 clipeum
731 1244 842 1274 contra
866 1241 1055 1281 pestiferum

377 1288 526 1320 Satanam
552 1289 689 1328 protulit
714 1293 746 1319 et
769 1289 814 1320 ita
839 1290 984 1329 propulit

423 1335 518 1367 Diras
545 1336 612 1367 eius
637 1336 782 1369 insidias,

321 1399 356 1430 4.
384 1397 509 1429 Merum
537 1397 726 1428 charismate
751 1400 842 1429 notos
867 1396 1031 1438 laetificat,

374 1444 494 1476 Famae
519 1448 661 1476 aromate
683 1453 791 1476 omnes
817 1443 976 1485 aedificat,

379 1492 492 1523 Verbis
518 1491 688 1531 gratificat,
715 1501 776 1531 ope
799 1491 954 1524 fortificat

422 1538 539 1571 Contra
568 1542 698 1571 cunctas
725 1539 898 1574 molestias,

319 1603 351 1634 5.
378 1600 526 1633 Marthae
551 1601 704 1640 obsequia
730 1601 782 1632 die
805 1600 955 1642 fideliter,

375 1648 501 1680 Mariae
525 1648 633 1680 studia
657 1652 750 1680 nocte
775 1648 912 1680 viriliter

373 1695 500 1735 Agebat
524 1694 681 1738 pontifex,
708 1704 749 1727 ne
773 1694 996 1729 mille-artifex

424 1744 521 1783 Plaga
545 1744 656 1775 mortis
682 1744 766 1775 hunc
791 1742 896 1775 feriat.

319 1806 350 1838 6.
378 1805 449 1837 Non
475 1808 581 1836 terrae
606 1805 725 1845 gremio
751 1805 906 1837 talentum
932 1805 1089 1838 creditum

374 1852 485 1892 Neque
509 1852 639 1884 sudario
664 1853 753 1885 velat
777 1852 1011 1894 absconditum,

375 1900 490 1931 verum
517 1900 578 1931 hoc
606 1900 703 1932 variis
731 1900 787 1932 dat
811 1901 1042 1942 nummulariis,

421 1947 558 1979 Multum
585 1951 620 1978 ut
645 1948 769 1979 lucrum
794 1946 902 1981 faciat.

317 2010 349 2040 7.
376 2008 521 2048 Superna
546 2009 656 2040 sitiens
682 2009 796 2050 Euge
823 2009 1015 2041 dominicum

371 2056 475 2088 Audit
497 2056 680 2096 ingrediens
707 2059 895 2088 conventum
922 2057 1084 2095 caelicum,

373 2103 463 2136 Stola
487 2104 641 2143 primaria
666 2102 765 2135 fultus
791 2108 823 2136 et
848 2105 951 2145 gloria

419 2152 498 2185 Cum
522 2151 711 2191 gaudiorum
735 2151 875 2184 foenore.

315 2214 348 2246 8.
374 2213 465 2246 Patri
489 2214 630 2254 ingenito
657 2213 787 2254 eiusque
811 2213 889 2254 filio,

374 2262 542 2294 Pneumati
566 2261 678 2293 inclito
704 2262 747 2293 sit
770 2261 927 2302 iubilatio,

371 2310 492 2350 Honor,
519 2309 663 2347 victoria,
695 2309 801 2348 decus,
826 2310 907 2351 laus,
934 2310 1037 2350 gloria

421 2358 514 2389 Nunc
540 2361 571 2389 et
595 2357 627 2388 in
654 2357 740 2389 omni
764 2360 918 2397 tempore.

215 2414 241 2441 B
264 2413 315 2441 fol.
338 2412 402 2441 167.
424 2428 460 2432 —
481 2411 508 2447 3,
531 2412 545 2441 1
566 2414 700 2450 laqueos.
