1651 2700
724 143 989 179 —187—

198 236 230 268 9.
256 235 362 268 Homo
387 237 451 269 Dei
477 239 527 269 est
550 237 656 279 imago

256 284 302 316 Et
326 282 430 317 factus
457 286 486 317 ei
511 285 635 325 similis,

255 333 453 373 Appellatur
478 334 533 365 hic
558 334 670 374 virago

256 381 294 413 In
320 382 440 413 mundo
465 382 566 423 magis
592 382 722 423 nobilis,

256 428 335 470 Vae,
361 429 389 461 si
416 434 526 461 contra
551 430 656 470 ipsum
683 440 742 471 ago

256 476 317 508 Vel
342 486 411 509 sum
438 478 480 510 ad
507 478 626 510 malum
652 478 771 512 labilis,

896 241 951 275 10.
979 241 1100 273 Noster
1126 242 1260 282 spiritus
1286 245 1418 275 creatur

976 289 1013 321 In
1040 290 1128 322 caelo
1155 300 1174 322 a
1199 299 1322 323 summo
1349 291 1429 330 Deo,

977 338 1025 371 Ut
1047 338 1082 369 in
1110 347 1238 370 carnem
1264 338 1465 381 infundatur,

975 385 1022 417 Et
1046 394 1086 418 ex
1112 386 1158 418 eis
1182 386 1241 418 fiat
1264 387 1369 429 homo,

974 433 1039 465 Hic
1064 434 1106 466 ad
1131 434 1235 466 Deum
1261 437 1453 476 revertatur,

977 480 1055 513 Cum
1081 482 1206 514 recedit
1230 482 1284 514 hic
1309 483 1350 515 ab
1377 483 1453 517 imo.

542 609 568 640 3.
609 609 747 649 Hymnus
770 610 853 642 alius
875 611 915 642 ad
935 611 1063 643 laudem
1083 612 1149 644 Dei.

193 699 225 732 1.
252 698 320 731 Nos
344 702 378 731 te
402 699 506 731 Deum
532 700 716 741 adoramus,

250 746 424 779 Dominum
449 751 483 780 te
509 747 706 793 confitemur,

250 794 354 827 Deum
380 799 526 828 nostrum
552 799 585 828 te
610 797 789 842 laudamus,

249 843 318 875 Nos
343 847 377 875 te
401 844 507 876 Deum
533 853 732 886 veneremur,

248 891 354 923 Deum
380 894 413 924 te
438 892 656 933 glorificamus

249 939 296 971 Te
320 939 556 981 Dominamque
581 940 731 975 fatemur.

188 1026 221 1058 2.
247 1025 352 1057 Deum
377 1029 522 1059 nostrum
549 1029 582 1058 te
607 1036 749 1059 amamus

246 1073 293 1105 Et
316 1082 376 1114 per
401 1077 434 1106 te
459 1084 517 1106 nos
545 1073 771 1114 confortemus,

246 1121 351 1153 Deum
377 1125 411 1153 te
435 1132 496 1155 nos
523 1123 712 1162 exaltamus,

247 1169 321 1201 Tibi
347 1178 405 1201 nos
431 1170 646 1209 humiliemus,

243 1217 331 1249 Ante
355 1220 388 1249 te
412 1227 471 1250 nos
496 1218 715 1259 procidamus,

244 1265 318 1297 Tibi
344 1274 449 1305 genua
471 1264 648 1299 flectemus.

188 1352 219 1384 3.
247 1351 351 1384 Deum
378 1360 507 1392 semper
532 1352 710 1395 videamus,

244 1399 283 1432 In
308 1402 341 1431 te
367 1400 466 1432 corde
491 1409 548 1432 nos
574 1401 742 1441 laetemur,

243 1448 281 1480 In
307 1450 340 1479 te
365 1457 493 1488 semper
518 1457 714 1489 maneamus,

244 1496 320 1528 Tibi
346 1505 403 1528 nos
429 1497 654 1538 regratiemur,

241 1544 347 1577 Deum
372 1548 520 1577 nostrum
546 1548 782 1585 exspectamus,

242 1592 312 1625 Nos
338 1602 357 1625 a
382 1593 483 1625 malis
501 1593 688 1626 liberemur.

885 703 918 736 4.
946 702 1050 734 Deum
1070 706 1216 735 sanctum
1232 712 1291 735 nos
1309 712 1509 745 quaeramus,

945 751 983 783 In
1010 753 1043 782 te
1067 751 1137 783 Deo
1164 760 1405 792 commoremur,

946 799 1016 831 Deo
1042 804 1152 831 nostro
1179 800 1388 839 exsultamus,

946 847 1024 879 Tuis
1052 847 1173 881 sanctis
1200 848 1421 891 adgregemur,

947 895 985 927 In
1012 898 1045 926 te
1070 895 1139 927 Deo
1166 894 1364 928 confidamus

945 944 976 974 A
1002 946 1035 974 te
1062 952 1185 983 nosque
1212 944 1395 984 diligemur.

886 1031 918 1061 5.
945 1028 1021 1060 Tibi
1045 1028 1116 1060 Deo
1142 1038 1319 1061 servamus

940 1077 971 1108 A
996 1079 1028 1107 te
1053 1085 1176 1116 nosque
1201 1086 1417 1120 muneremur,

942 1124 981 1155 In
1006 1126 1039 1155 te
1063 1124 1133 1156 Deo
1160 1123 1367 1167 confidamus,

942 1171 1005 1203 Tui
1029 1180 1158 1212 semper
1183 1181 1405 1216 memoremur,

944 1219 983 1251 In
1007 1225 1040 1251 te
1066 1219 1135 1251 Deo
1161 1229 1220 1252 nos
1245 1229 1412 1261 speramus

941 1267 987 1299 Et
1011 1276 1071 1307 per
1096 1270 1129 1299 te
1153 1277 1212 1300 nos
1240 1267 1463 1303 defendemur.

884 1355 915 1387 6.
943 1353 1010 1385 Nos
1036 1356 1069 1385 te
1094 1353 1198 1386 Deum
1225 1354 1407 1397 diligamus,

940 1401 1006 1434 Per
1028 1404 1061 1433 te
1088 1404 1174 1433 certe
1199 1411 1257 1434 nos
1282 1403 1483 1447 mundemur,

940 1449 1015 1481 Tibi
1041 1449 1110 1482 Deo
1136 1459 1193 1482 nos
1219 1451 1398 1491 iungamus,

939 1497 980 1529 In
1004 1500 1038 1529 te
1062 1498 1131 1530 Deo
1159 1499 1424 1542 contemplemur,

940 1545 1007 1578 Nos
1033 1549 1066 1577 te
1090 1546 1195 1578 Deum
1219 1547 1429 1587 inquiramus,

941 1593 1005 1625 Per
1030 1598 1062 1626 te
1087 1594 1189 1627 Deum
1217 1604 1274 1627 nos
1301 1595 1472 1628 salvemur.

535 1680 567 1715 7.
594 1679 697 1711 Deum
723 1682 756 1711 te
781 1679 1021 1723 benedicamus,

591 1730 621 1760 A
649 1731 682 1759 te
708 1737 766 1759 nos
790 1727 1030 1770 benedicemur,

592 1775 667 1808 Tibi
694 1776 817 1817 gratias
844 1786 986 1818 agamus,

592 1824 666 1856 Tibi
694 1833 803 1856 omnes
829 1833 887 1857 nos
913 1828 1072 1869 tenemur,

589 1872 645 1905 Ad
671 1874 705 1904 te
729 1873 832 1905 Deum
859 1873 1041 1914 redeamus,

590 1921 621 1953 A
647 1922 790 1963 peccatis
816 1931 873 1954 nos
899 1931 1085 1963 purgemur.

248 2005 272 2042 1,
294 2005 312 2035 6
332 2008 376 2035 Te
395 2007 563 2044 Deumque.

529 2122 559 2153 4.
599 2121 738 2161 Hymnus
759 2120 842 2153 alius
866 2120 907 2152 ad
929 2120 1057 2152 laudem
1078 2120 1144 2152 Dei.

180 2214 212 2247 1.
240 2213 299 2258 Tu,
327 2213 429 2255 Deus,
458 2222 491 2245 es
517 2213 750 2255 sanctissimus,

241 2263 292 2295 Tu
317 2261 400 2294 facis
426 2262 601 2301 mirabilia,

240 2312 291 2345 Tu
317 2311 406 2344 solus
433 2320 466 2343 es
492 2311 680 2351 altissimus,

240 2360 290 2392 Tu
317 2358 398 2392 facis
426 2359 598 2403 durabilia,

239 2408 290 2440 Tu
314 2408 401 2441 solus
427 2408 644 2448 beatissimus,

240 2456 291 2488 Tu
316 2455 398 2489 facis
423 2456 594 2489 notabilia.

881 2214 914 2246 2.
941 2212 991 2244 Tu
1017 2213 1103 2244 solus
1131 2212 1406 2256 clementissimus,

940 2260 990 2293 Tu
1015 2259 1097 2292 facis
1124 2260 1286 2301 amabilia,

940 2309 989 2341 Tu
1016 2309 1103 2341 solus
1130 2309 1382 2350 potentissimus,

940 2357 991 2389 Tu
1018 2355 1099 2389 facis
1126 2357 1299 2396 terribilia,

940 2405 990 2437 Tu
1015 2406 1103 2438 solus
1130 2414 1163 2438 es
1188 2406 1397 2448 humillimus,

942 2454 992 2486 Tu
1017 2455 1156 2495 respicis
1181 2455 1327 2488 humilia.
