1651 2700
746 141 1008 176 —250—

233 239 266 271 5.
294 238 332 270 In
357 240 467 270 sancto
491 240 545 269 tuo
571 237 698 269 nomine
919 239 951 271 6.
977 239 1045 271 Fac
1071 241 1114 281 tu,
1138 238 1236 279 Deus,
1263 239 1342 271 mihi
1366 242 1478 272 notum

291 285 347 317 Me
370 286 497 318 salvare
521 289 555 316 tu
583 285 733 328 digneris,
976 285 1084 319 Meum
1111 286 1295 327 obitumque
1320 286 1426 330 finem,

290 333 418 365 Virtute
442 335 506 372 tua,
532 332 678 374 Domine,
975 334 1032 366 Me
1056 333 1154 367 facito
1179 336 1426 376 praemonitum,

291 381 341 412 Tu
364 390 415 412 me
439 380 558 412 liberes
582 390 602 412 a
626 380 748 423 poeniS,
974 381 1031 413 Me
1054 391 1118 414 non
1143 382 1253 415 laedat
1277 392 1383 415 meum
1401 385 1533 426 crimen,

289 428 339 460 Sis
363 428 435 468 pius
459 428 494 459 in
518 437 569 459 me
593 428 727 470 homine,
977 428 1027 461 Sit
1050 431 1113 462 iter
1139 431 1261 462 clarum
1286 432 1457 474 cognitum,

289 475 398 507 Meum
421 484 535 508 nomen
563 476 667 515 sitque
690 474 779 509 felix.
976 477 1050 510 Non
1074 477 1216 511 offendat
1240 488 1301 519 per
1326 479 1510 514 discrimen.

572 573 603 606 7.
631 572 656 605 O
680 575 784 614 pater,
811 582 829 606 o
854 572 899 604 mi
922 573 1069 615 Domine,

630 620 685 651 Me
710 629 837 652 servum
862 629 904 652 ne
929 621 1098 664 despicias,

631 667 709 700 Cum
736 668 866 708 moriar,
893 669 1054 712 recollige,

628 715 684 747 Me
705 724 840 754 pravum
865 724 906 747 ne
930 716 1056 759 reicias,

628 762 678 794 Tu
702 763 781 794 mihi
805 763 909 795 lucem
935 764 1073 805 porrige,

625 810 656 842 A
682 819 733 842 me
757 811 880 851 repelle
903 810 1065 845 tenebras,

593 919 655 950 100.
694 920 831 959 Hymnus
851 921 959 953 brevis
982 922 1143 954 orationis.

283 1008 307 1039 O
334 1008 377 1038 mi
401 1007 499 1049 Deus,
526 1014 559 1040 tu
586 1013 720 1050 creator,
990 1011 1068 1052 Fac,
1094 1015 1130 1044 ut
1153 1022 1216 1045 non
1234 1014 1343 1045 simin
1360 1023 1522 1058 pressura,

283 1054 352 1094 Ego
377 1059 481 1086 autem
509 1060 665 1096 creatura,
992 1060 1016 1092 Ο
1040 1060 1085 1091 mi
1110 1060 1209 1100 Deus,
1233 1064 1267 1093 tu
1293 1062 1445 1104 salvator,

283 1102 307 1134 O
333 1102 377 1133 mi
400 1102 498 1143 DeuS‚
525 1104 728 1145 gubernator,
991 1108 1068 1148 Fac,
1094 1111 1130 1139 ut
1155 1117 1218 1140 non
1243 1110 1301 1140 sim
1329 1110 1484 1151 peritura,

282 1148 332 1180 De
355 1158 406 1181 me
431 1150 472 1181 sit
496 1150 557 1182 tibi
583 1160 667 1194 cura,
991 1155 1016 1187 O
1042 1155 1086 1186 mi
1110 1156 1209 1197 Deus,
1235 1156 1433 1198 benefactor,

225 1195 257 1228 5.
285 1196 309 1228 O
334 1197 378 1228 mi
405 1197 502 1237 Deus,
527 1199 707 1241 miserator,
907 1202 962 1236 10.
990 1202 1057 1234 Sim
1079 1203 1114 1234 in
1140 1203 1227 1235 caelo
1252 1205 1422 1239 laetatura.

285 1279 304 1307 4
323 1280 396 1308 fehlt
416 1283 480 1309 eine
501 1282 583 1310 silbe
605 1291 652 1311 am
671 1284 771 1312 Verse.

321 1381 379 1413 101.
419 1382 554 1421 Hymnus
577 1385 743 1417 communis
763 1386 917 1418 orationis
939 1389 972 1418 et
990 1388 1220 1421 humiliationis
1242 1389 1282 1421 ad
1301 1390 1406 1430 Deum,

541 1431 592 1471 qni
614 1431 729 1464 dicitur
750 1442 817 1465 esse
836 1434 870 1465 in
892 1435 1032 1475 quolibet
1051 1436 1183 1468 homine.

225 1519 255 1551 1.
282 1518 340 1558 Tu,
367 1518 464 1559 Deus,
490 1529 547 1551 nos
571 1521 749 1563 intellegas,
905 1526 936 1557 4.
964 1525 1012 1557 Tu
1037 1526 1128 1558 salva
1152 1530 1278 1559 nostras
1304 1529 1436 1569 animas,

282 1566 485 1598 Peccavimus
509 1577 576 1608 nos,
603 1569 747 1613 Domine,
963 1573 1136 1606 Laetemur
1161 1578 1215 1607 tua
1237 1576 1356 1618 specie,

282 1613 329 1644 Tu
354 1613 452 1645 habes
479 1624 587 1647 omnes
613 1618 741 1661 gratias,
963 1622 1013 1653 Tu
1038 1630 1158 1661 poenas
1182 1623 1275 1655 nobis
1301 1623 1442 1668 auferas,

280 1660 325 1692 Et
348 1665 383 1692 tu
408 1662 521 1701 plenus
548 1660 611 1707 (es)
636 1665 833 1708 clementiae,
964 1668 1015 1700 Sit
1037 1669 1142 1709 pietas
1166 1670 1320 1712 laetitiae,

279 1708 346 1740 Nos
371 1710 523 1749 gemimus
550 1710 695 1744 fallacias
965 1716 1110 1749 Vitemus
1134 1718 1204 1750 vias
1229 1720 1395 1763 pessimas,

282 1755 347 1787 Nos
372 1756 523 1797 plenique
547 1759 703 1795 miseriae.
963 1764 1150 1797 Maneamus
1174 1767 1208 1798 in
1234 1768 1364 1802 virtute.

221 1851 254 1884 2.
281 1851 348 1883 Nos
374 1862 392 1884 a
417 1854 557 1892 peccatis
584 1864 681 1888 exuas
905 1861 936 1894 5.
963 1862 1013 1893 Tu
1039 1870 1165 1902 semper
1190 1863 1282 1895 nobis
1308 1864 1427 1908 luceas,

279 1899 328 1930 Tu
352 1901 491 1932 reddens
516 1911 573 1933 nos
598 1904 784 1946 munditiae,
962 1908 1130 1941 Recedant
1154 1919 1172 1942 a
1196 1914 1230 1942 te
1255 1912 1418 1955 tenebrae,

279 1946 339 1987 Ne,
365 1947 511 1987 Domine,
536 1951 673 1989 proicias
962 1957 1095 1996 Agimus
1120 1958 1181 1990 tibi
1205 1960 1335 2004 gratias,

277 1994 325 2026 Tu
350 2004 407 2027 nos
433 2005 453 2027 a
476 1999 532 2028 tua
556 1996 647 2041 facie,
963 2005 1148 2037 Laudamus
1174 2009 1206 2038 te
1229 2007 1263 2038 in
1289 2008 1415 2049 robore,

278 2042 326 2073 Tu
352 2044 487 2084 gratiam
511 2053 551 2076 ne
576 2045 714 2089 auferas,
963 2052 1000 2083 In
1026 2052 1117 2085 nobis
1143 2054 1248 2095 sitque
1273 2056 1403 2096 caritas,

280 2090 344 2122 Sed
368 2091 523 2124 laetitiam
548 2096 583 2125 tu
607 2095 719 2129 redde.
962 2100 1049 2140 Quae
1073 2099 1271 2135 flammescat
1295 2104 1327 2136 in
1353 2114 1473 2139 amore.

217 2187 250 2219 3.
278 2187 414 2219 Peccata
437 2189 472 2219 tu
496 2188 663 2230 indulgeas
903 2196 935 2228 6.
962 2196 987 2229 Ο
1013 2197 1078 2240 lux,
1104 2198 1199 2231 beata
1224 2200 1364 2242 trinitas,

276 2234 320 2265 Et
343 2234 527 2275 iniquitates
554 2237 635 2281 dele,
961 2244 1010 2276 Tu
1034 2255 1118 2285 pone
1143 2257 1201 2280 nos
1225 2248 1260 2280 in
1285 2250 1406 2293 requie,

275 2281 431 2314 Excelsus
456 2293 496 2315 ne
520 2286 684 2329 respicias,
961 2292 1011 2324 Tu
1037 2294 1201 2327 daemonis
1225 2296 1372 2337 insidiaS,

277 2329 339 2362 Sed
364 2333 400 2361 tu
423 2331 514 2363 nobis
539 2334 701 2376 miserere,
961 2340 1059 2382 Deus,
1085 2343 1243 2384 longeque
1267 2346 1400 2387 repelle,

275 2377 341 2409 Nos
367 2386 476 2411 servos
500 2389 541 2412 ne
567 2382 736 2426 despicias,
960 2390 992 2420 A
1016 2391 1110 2422 malis
1135 2401 1193 2424 nos
1220 2394 1394 2435 custodias,

273 2425 312 2457 1n
336 2429 447 2459 sancta
471 2428 568 2460 simus
594 2431 673 2463 acie.
960 2436 1028 2469 Nos
1056 2448 1167 2471 servos
1195 2443 1267 2473 tuos
1292 2445 1438 2485 protege.
