1651 2700
737 137 1000 173 —106—

653 232 678 263 6.
709 232 744 263 In
764 229 940 263 Nativitate
960 228 1092 261 Domini.

223 315 256 349 1.
283 315 363 354 Ave,
389 314 522 347 verbum
548 316 723 345 eructatum

332 362 383 394 De
409 362 506 393 corde
530 360 687 400 altissimi,

283 410 423 442 Verbum
449 408 512 441 Dei
536 408 605 441 Deo
630 411 748 446 natum,

330 456 443 489 Fontis
469 456 686 494 occultissimi,

283 504 334 537 De
359 505 447 536 caelo
474 504 599 544 venisti,
628 504 736 536 datum

331 552 477 584 Muneris
503 551 685 592 largissimi,

283 600 351 632 Mei
377 600 525 640 absterge
550 601 716 639 peccatum

335 647 449 680 Cordis
474 647 675 686 iniquissimi.

222 724 255 756 2.
282 723 363 763 Ave,
391 723 532 762 verbum,
560 722 643 762 quod
662 721 839 761 prophetae

332 771 419 802 Voce
442 773 586 810 pangunt
609 769 707 808 varia,

284 817 453 849 Advenisti
481 817 558 848 mihi
583 817 677 856 laete,

331 864 465 896 Praesta
487 863 650 906 beneficia,

284 912 357 944 Non
383 920 432 943 me
455 915 659 951 peccatorum
685 914 754 942 rete

333 958 518 992 Circumdet
537 959 675 997 miseria,

286 1006 350 1039 Sed
376 1007 417 1038 (la
439 1006 516 1037 mihi
542 1007 676 1038 laudare
701 1009 732 1036 te

332 1053 407 1086 Cum
435 1054 540 1085 cordis
565 1053 698 1087 laetitia.

910 312 941 345 3.
967 310 1048 351 Ave,
1075 308 1207 341 verbum
1233 308 1436 339 incarnatum

1015 358 1066 390 Ex
1091 356 1198 389 Maria
1221 356 1355 396 virgine,

970 406 1040 439 Non
1069 405 1109 437 de
1137 406 1242 437 carnis
1268 404 1338 435 iure
1363 406 1473 434 natum

1017 453 1079 485 Sed
1106 456 1216 484 sancto
1242 451 1426 492 spiramine,

969 502 1098 534 Intuere
1122 508 1174 531 me
1197 502 1364 541 gravatum

1017 550 1139 581 Reatus
1166 547 1325 588 ligamine,

967 597 998 629 A
1024 605 1085 636 quo
1113 596 1214 628 redde
1239 595 1411 627 liberatum

1017 644 1073 676 Me
1097 644 1129 675 in
1156 648 1210 675 tuo
1237 643 1374 676 nomine.

909 724 942 754 4.
969 721 1051 760 Ave,
1080 720 1211 752 verbum
1236 723 1307 751 arto
1331 719 1466 750 multum

1018 768 1207 800 Conclusum
1233 767 1433 808 praesaepio,

969 818 1148 856 Pauperum
1182 824 1245 846 non
1270 824 1379 854 regum
1407 815 1527 846 cultum

1018 864 1082 896 Cur
1106 863 1152 893 ibi
1178 861 1364 901 conspicio?

969 910 1041 942 Hoc
1058 913 1158 941 totum
1175 914 1310 950 propter
1326 918 1377 941 me
1389 909 1522 942 stultum

1015 958 1099 990 Esse
1123 956 1242 989 factum
1268 957 1381 998 sentio,

971 1005 1095 1038 Praebe
1119 1014 1194 1046 ergo
1220 1007 1308 1036 tuum
1336 1005 1457 1036 vultum

1015 1053 1108 1092 Mihi,
1135 1053 1188 1092 qui
1214 1052 1299 1084 huuc
1323 1051 1407 1084 sitio.

609 1131 638 1162 5.
661 1130 742 1170 Ave,
767 1128 898 1160 verbum
925 1129 1101 1161 revelatum

711 1176 844 1208 Devotis
869 1176 1062 1217 pastoribus,

664 1224 746 1256 Nam
771 1232 919 1255 sermone
944 1224 1115 1255 delicatum

711 1271 805 1303 Faris
832 1279 900 1302 cum
925 1271 1134 1313 simplicibus,

664 1318 713 1350 Ne
739 1321 921 1350 contemnas
946 1319 1147 1351 vulneratum

711 1366 765 1397 Me
789 1366 897 1397 multis
923 1366 1120 1406 criminibus,

664 1413 727 1445 Sed
753 1413 857 1445 locum
883 1414 960 1446 mihi
988 1414 1114 1445 beatum

712 1459 830 1492 Confer
856 1469 924 1492 cum
952 1461 1154 1494 caelestibus.

283 1527 309 1553 A
328 1526 378 1554 fol.
399 1524 417 1554 Ο
426 1527 454 1554 b.

647 1601 672 1631 7.
702 1600 738 1631 ln
757 1599 937 1641 Epiphania
957 1600 1088 1632 Domini.

244 1706 250 1713 .
277 1680 357 1720 Ave,
392 1680 474 1722 Iesu,
502 1680 642 1720 gentium

328 1727 468 1760 Currunt,
490 1728 531 1759 ad
556 1730 589 1759 te
613 1737 714 1770 regeS,

908 1681 938 1714 3.
965 1681 1045 1720 Ave,
1071 1681 1145 1713 Iesu
1169 1681 1316 1723 Domine,

1012 1728 1064 1760 Ex
1089 1729 1194 1761 Maria
1219 1733 1324 1771 natus,

279 1775 361 1808 Nam
387 1775 472 1807 salus
499 1784 531 1806 es
555 1776 690 1808 omnium

326 1823 372 1855 Et,
395 1823 513 1854 nullius
542 1832 626 1864 eges,

279 1871 341 1902 Per
366 1873 398 1901 te
422 1870 500 1901 mihi
528 1871 666 1903 dulcium

326 1919 452 1950 Morum
479 1918 572 1950 detur
597 1927 686 1959 seges

277 1966 322 1998 Et
346 1968 447 1997 tutum
474 1967 671 2005 praesidium

328 2013 447 2046 Contra
471 2013 583 2045 mortis
608 2014 706 2054 legeS.

218 2092 249 2124 2.
276 2091 359 2129 Ave,
386 2090 459 2122 Iesu
484 2090 629 2129 parvule,

324 2138 518 2171 Cunctorum
546 2146 673 2177 corona,

278 2185 335 2218 Cui
361 2185 495 2217 Tharsis
522 2188 555 2217 et
578 2186 702 2217 insulae

323 2233 429 2273 Reges
455 2231 564 2265 ferunt
590 2234 683 2274 dona,

277 2282 323 2314 Ut
346 2281 455 2313 nullae
479 2290 530 2313 me
553 2282 697 2314 maculae

326 2329 448 2369 Culpae
473 2328 616 2370 foedent,
644 2330 737 2368 dona,

275 2377 345 2409 Nec
369 2377 411 2409 ad
438 2377 556 2409 crimen
588 2378 739 2418 crapulae

322 2425 398 2457 Mea
422 2434 514 2458 mens
538 2426 581 2458 sit
605 2435 717 2465 prona.

964 1775 1001 1807 In
1026 1776 1175 1809 Iordanis
1201 1776 1331 1810 flumine

1014 1824 1072 1863 Qui
1099 1833 1132 1856 es
1158 1825 1350 1869 baptizatus,

966 1870 1095 1904 Cunctis
1121 1882 1180 1912 pro
1207 1874 1392 1913 peccamine

1012 1919 1206 1952 Cunctorum
1232 1929 1266 1952 es
1294 1922 1393 1954 datus,

964 1966 1032 1998 Tuo
1055 1968 1115 1998 sim
1138 1968 1301 2001 iuvamine

1010 2014 1062 2046 De
1088 2015 1190 2055 culpis
1216 2017 1397 2052 mundatus,

905 2091 937 2122 4.
962 2091 1044 2131 Ave,
1071 2092 1154 2133 Iesu,
1180 2093 1310 2133 nuptias

1014 2140 1183 2172 Accedens
1210 2144 1353 2182 vocatus,

967 2185 1125 2227 Supplere
1149 2189 1275 2229 inopias

1015 2235 1060 2267 Es
1085 2236 1130 2268 ibi
1158 2236 1317 2278 dignatus,

965 2281 1047 2314 Dele
1072 2284 1290 2325 neglegentias

1013 2331 1104 2363 Meas
1130 2334 1163 2364 et
1187 2337 1305 2375 reatus,

965 2378 1016 2411 Da
1039 2379 1193 2413 virtutum
1220 2382 1329 2422 copias

1014 2427 1081 2459 Mei
1106 2428 1287 2464 miseratus
