1651 2700
730 132 963 166 -92—

623 236 651 266 2.
693 233 737 266 De
758 235 865 266 saneto
886 234 1061 266 Altmanno.

198 317 256 350 la.
285 315 407 357 Gaude,
435 316 516 348 caeli
540 315 709 355 ierarchia,
883 314 939 347 1b.
969 315 1068 347 Omne
1094 312 1240 346 discedat
1263 311 1442 349 molestum,

281 364 397 396 Mundi
421 363 525 404 gaude
549 362 735 395 monarchia
966 362 1020 394 Ad
1045 370 1169 394 sacrum
1191 358 1358 393 Altmanni
1384 356 1501 389 festum

327 411 377 443 De
400 411 564 443 Altmanni
591 410 702 451 gloria,
1014 409 1113 441 Nulla
1139 408 1244 441 desint
1269 406 1395 448 gaudia.

196 489 256 522 2a.
283 488 456 520 Altmanne
481 496 573 519 sacer
599 490 631 518 et
654 487 752 527 clare,
880 486 939 518 2b.
966 486 1029 518 Dei
1054 485 1158 527 gregis
1182 488 1216 516 tu
1243 485 1307 516 dux
1332 491 1461 523 aequus,

283 535 411 568 Caelum
439 535 564 575 clamat,
597 538 696 575 terra,
722 543 811 566 mare
965 534 1080 565 Mundi
1106 533 1240 573 lampas,
1269 531 1350 563 caeli
1377 531 1483 570 decus,

326 583 374 614 Te
399 582 526 622 dignum
553 582 749 625 antistitem3
1013 581 1106 613 Vitae
1131 585 1219 612 tenes
1245 579 1416 611 tramitem.

194 660 254 692 3a.
280 659 366 690 Mira
390 659 492 690 clares
520 659 662 699 caritate,
878 657 935 691 3b.
963 657 1198 689 Admirandum
1223 655 1395 687 sanctitate

279 706 323 737 Et
347 706 379 737 in
403 708 493 737 tanta
519 706 664 737 claritate
965 704 1072 745 Digna
1096 707 1127 736 te
1149 703 1364 736 sollemnitate

326 753 434 785 Omnis
459 756 566 792 stupet
592 753 711 790 oculus,
1013 752 1133 784 Laudis
1158 752 1268 792 vulgat
1292 751 1414 784 titulus⁸

190 830 250 862 4a.
279 828 411 867 Sapiens
436 832 472 859 ut
497 828 689 860 architectus
875 828 936 860 4b.
965 828 1123 867 Gemmas,
1150 837 1261 859 aurum
1280 830 1312 859 et
1329 829 1496 868 argentum

276 875 351 907 Tibi
374 875 534 907 Christum
560 885 618 915 spe
644 875 806 915 profectus
961 875 1041 907 Tale
1067 884 1164 915 super
1188 874 1429 906 fundamentum

323 923 578 955 Fundamentum
604 923 745 960 dedicas,
1008 922 1190 955 Prudenter
1214 922 1377 954 aedificas.

191 1000 251 1032 5a.
276 996 413 1030 Summis
435 999 555 1031 scalam
580 999 675 1032 Iacob
703 999 789 1031 horis
875 999 933 1032 51).
961 999 1030 1031 Nec
1064 1008 1102 1030 ex
1126 999 1206 1039 ipsis
1234 1001 1344 1038 captas
1370 999 1493 1039 laudes,

275 1048 420 1077 Ascensu
443 1046 546 1086 tangis
573 1047 689 1078 amoris
961 1046 1064 1078 Belial
1089 1056 1164 1078 nam
1189 1045 1275 1078 fallis
1301 1045 1432 1078 fraudes

322 1093 480 1126 Theoriae
504 1092 660 1126 fructibus
1006 1094 1188 1134 Aequitatis
1215 1094 1373 1133 passibus.

194 1170 254 1201 6a.
278 1169 340 1201 Die
365 1179 436 1201 cum
459 1170 591 1202 Martha
614 1169 742 1202 laboras
873 1169 932 1202 6b.
957 1170 1053 1202 Dulci
1077 1170 1228 1202 Rachelis
1255 1170 1406 1209 amplexu

278 1216 380 1248 Nocte
404 1226 475 1248 cum
498 1217 604 1249 Maria
630 1226 701 1249 oras
959 1218 1038 1250 Frui
1063 1218 1172 1249 volens
1198 1217 1278 1249 Liae
1303 1226 1386 1249 nexu

323 1263 444 1296 Uniens
470 1268 502 1296 te
534 1265 662 1304 superis.
1004 1265 1209 1304 Praepediris
1235 1265 1351 1306 operis.

190 1341 208 1372 7
221 1349 250 1374 ει
277 1339 330 1372 Sic
357 1341 397 1372 de
421 1340 627 1372 lacrimarum
653 1340 736 1372 valle
872 1342 890 1373 7
899 1341 929 1373 b.
960 1341 1022 1373 Ubi
1047 1341 1119 1381 plus
1145 1350 1237 1381 quam
1264 1342 1356 1374 verni
1380 1340 1475 1373 flores

275 1385 457 1421 Gratiarum
484 1388 611 1420 scandis
638 1388 718 1419 calle
956 1389 1097 1420 Aeterno
1123 1398 1193 1421 cum
1221 1388 1326 1420 fructu
1351 1387 1446 1421 flores

319 1435 373 1467 Ad
398 1435 478 1467 caeli
502 1433 639 1475 fastigia,
1005 1437 1094 1468 Inter
1119 1436 1204 1469 vitae
1229 1437 1308 1471 lilia.

188 1512 248 1544 8a.
274 1510 346 1550 Eia,
372 1511 445 1542 Iesu
471 1510 606 1552 Christe,
632 1510 691 1542 tibi
869 1512 927 1546 8b.
955 1512 1043 1544 Tuae
1067 1512 1162 1544 sortis
1189 1513 1374 1553 coheredes,

272 1557 370 1589 Libro
397 1558 482 1590 vitae
509 1558 550 1590 da
575 1558 733 1589 conscribi
956 1559 1074 1591 Tecum
1103 1563 1138 1591 ut
1165 1568 1333 1601 carpamus
1357 1562 1452 1593 sedes

320 1605 387 1638 NOS
412 1606 580 1637 Altmanni
605 1605 752 1645 precibus
1006 1607 1083 1640 Cum
1111 1608 1220 1639 electis
1247 1609 1403 1641 omnibus.

252 1681 276 1708 B
302 1680 352 1708 fol.
382 1678 460 1709 1681>
489 1689 532 1716 sq.
552 1696 591 1699 —
609 1681 676 1716 Vgl.
701 1681 748 1708 die
769 1681 901 1717 Sequenz
921 1682 974 1709 auf
991 1682 1154 1716 Leonhard,
1176 1684 1226 1711 N'r.
1252 1681 1295 1711 10.
1316 1698 1355 1702 -
1375 1684 1493 1712 *voi-her

179 1718 251 1755 geht
269 1719 314 1746 als
333 1719 477 1755 Tropus
498 1728 565 1746 zum
583 1719 726 1747 Alleluia:

630 1776 739 1804 Pennis
760 1777 844 1804 volas
864 1778 977 1813 gratiae

669 1815 736 1842 Hac
756 1815 792 1842 de
809 1815 888 1843 valle
907 1817 961 1843 mis
973 1825 1023 1850 ira,

630 1853 767 1880 Pontifex
788 1854 912 1890 egregie,

669 1891 836 1925 Altmanne,
858 1892 895 1919 ad.
915 1893 1042 1926 aethera,

627 1929 684 1956 Pia
705 1938 792 1966 prece
811 1930 899 1958 hodie

667 1968 776 1995 Nostra
796 1967 860 1996 dele
879 1969 997 1997 scelera.

648 2069 675 2100 3.
717 2070 760 2100 De
784 2072 893 2101 sancta
913 2070 1011 2101 Anna.

182 2149 242 2183 la.
270 2149 392 2191 Gaude,
419 2149 629 2188 admirabiliS,
869 2150 929 2185 lb.
954 2151 1100 2183 Moribus
1125 2153 1316 2193 tractabilis,

268 2196 392 2238 Gaude,
419 2197 610 2229 venerabilis
956 2198 1081 2232 Genere
1106 2201 1303 2241 spectabilis,

312 2246 417 2286 Anna,
444 2245 506 2277 Dei
530 2246 643 2286 gratia,
1003 2246 1112 2288 Stirpe
1136 2251 1213 2280 nata
1237 2251 1336 2290 regia.

182 2324 241 2355 22.
269 2321 392 2362 Gaude,
420 2325 527 2354 austro
553 2322 673 2363 purior,
866 2323 930 2356 2b.
957 2324 1051 2356 viola
1075 2322 1231 2364 floridior,

268 2370 355 2402 Luce
379 2370 456 2402 solis
482 2371 606 2414 clarior,
958 2371 1107 2405 Balsamo
1133 2375 1350 2413 praestantior

314 2418 441 2451 Gaudes
466 2419 539 2460 plus
566 2428 659 2459 quam
686 2419 765 2461 lilia,
1005 2420 1165 2453 Virtutum
1191 2421 1379 2463 fragrantia.
