1651 2700
738 167 781 171 —
833 146 901 182 114
958 168 994 171 --

663 240 704 271 18.
745 239 788 271 De
807 239 904 271 beata
922 239 1024 271 Maria
1043 239 1077 271 V.

228 302 261 335 1.
288 299 393 335 Mater
417 302 481 342 pia,
507 303 610 332 mater
637 300 700 340 dia,

284 350 344 382 Rei
369 349 431 392 via,
459 358 477 380 o
503 348 619 391 Maria,

334 398 415 436 Ave,
441 396 538 436 plena
562 396 676 437 gratia,

291 445 315 477 O
342 444 461 476 tenella
486 443 547 475 Dei
574 444 665 483 cella,

289 492 468 532 Interpella
491 500 550 532 pro
575 500 636 534 me,
663 491 759 523 mella

331 540 383 572 Da
407 539 449 572 de
474 539 554 571 caeli
581 539 687 578 curia;

286 587 381 618 Vitae
406 590 510 626 porta,
537 586 655 618 mundo
682 589 762 627 orta,

288 634 343 666 Me
369 633 522 676 conforta,
550 642 591 665 ne
617 634 753 665 dist-orta

331 681 388 713 Me
413 681 568 713 collidant
591 681 666 719 otia,

284 728 390 760 Decus
416 737 550 769 morum,
577 737 633 760 vas
658 728 812 759 honorum

285 775 374 807 Fons
401 776 575 815 hortorum,
601 775 656 806 lux
681 775 827 814 polorum

332 822 415 854 Mihi
441 823 485 853 sis
510 822 662 861 propitia.

254 914 261 921 .
286 886 358 922 Ara
381 888 453 930 Dei,
481 888 567 920 salus
592 888 649 930 rei,

286 936 398 967 Robur
422 935 492 975 spei
517 935 624 967 cordis
651 934 723 974 mei,

334 983 358 1015 O
387 983 479 1014 dulce
503 983 712 1022 praesidium,

287 1031 414 1070 Expers
439 1030 536 1061 maris
563 1030 657 1061 stella
682 1029 780 1061 maris

288 1078 504 1115 Praedicaris,
531 1078 627 1109 stella
651 1077 737 1116 paris

338 1125 455 1167 Solem,
482 1133 589 1165 regem
614 1125 763 1158 omnium.

292 1173 384 1204 Omni
410 1172 507 1203 laude
532 1172 639 1211 digna,
666 1171 794 1211 plaude,

294 1221 428 1259 Semper
453 1219 557 1259 gaude
580 1227 693 1258 meque
719 1218 833 1250 claude

339 1267 441 1298 Tuum
466 1270 552 1298 intra
576 1266 748 1306 gremium3

291 1314 372 1346 Mihi
397 1317 518 1345 maesto
544 1323 628 1345 nunc
652 1314 774 1353 adesto,

294 1362 377 1393 Nam
396 1370 451 1393 cor
466 1364 595 1401 praesto
613 1370 739 1401 semper
756 1364 844 1401 gesto

340 1409 443 1440 Tuum
466 1409 499 1440 in
526 1409 722 1448 obsequium.

912 302 943 334 3.
970 297 1177 339 Reparatrix‚
1203 295 1403 336 imperatrix,

970 347 1158 385 Mediatrix‚
1186 342 1391 381 consolatrix,

1019 396 1101 434 Ave,
1126 393 1217 432 virgo
1242 390 1342 431 regia,

974 442 1145 478 Generose,
1173 439 1322 480 gratiose,

974 489 1146 529 Gaudiose,
1172 488 1316 519 virtuose

1021 535 1138 569 Confer
1159 533 1324 566 beneficia.

972 584 1058 617 Urbs
1082 583 1210 623 regalis,
1236 580 1295 613 flos
1321 579 1470 622 verna-lis,

972 633 1058 664 Fons
1083 631 1201 670 vitalis,
1228 638 1279 661 me
1304 639 1323 661 a
1348 628 1441 660 malis

1020 679 1115 711 Solve
1141 681 1173 709 et
1197 677 1337 716 miseria,

973 727 997 759 O
1024 729 1135 766 optata
1159 726 1327 764 advocata,

972 773 1055 805 Mihi
1079 776 1167 815 nata,
1192 772 1272 804 mihi
1298 772 1382 809 data,

1020 821 1084 852 Per
1108 824 1141 851 te
1164 821 1291 852 vincam
1316 818 1431 851 omnia.

939 911 946 917 .
973 885 1078 926 Jmple
1102 886 1194 918 bonis
1219 895 1324 917 meum
1351 885 1453 925 donis,

973 935 1060 974 Quae
1083 934 1118 965 in
1142 934 1266 965 thronis
1292 932 1469 965 Salomonis

1022 981 1159 1022 Regnas,
1188 980 1393 1018 desiderium,

974 1029 1083 1068 Rupta
1106 1038 1196 1060 mora
1220 1036 1334 1068 pacem
1359 1036 1444 1067 rora,

976 1076 1071 1108 Solve
1095 1077 1166 1108 lora
1189 1075 1344 1115 firmiora,

1024 1124 1111 1162 Quae
1134 1124 1269 1155 trahunt
1293 1123 1334 1155 ad
1360 1122 1482 1154 vitium.

976 1171 1099 1211 Culpae
1123 1170 1254 1214 faecem,
1282 1170 1398 1202 mentis
1422 1178 1533 1201 necem

976 1218 1022 1251 Ut
1045 1227 1104 1259 per
1129 1227 1258 1258 precem
1283 1221 1371 1249 tuam
1397 1225 1514 1260 secem,

1024 1266 1107 1298 Mihi
1134 1266 1176 1298 da
1200 1266 1363 1308 auxilium,

976 1314 1075 1354 Virgo
1102 1314 1200 1353 clara,
1227 1313 1296 1345 Deo
1323 1322 1408 1352 cara,

975 1361 1057 1392 Mihi
1083 1370 1164 1401 para
1187 1370 1274 1392 nunc
1297 1361 1329 1393 in
1357 1369 1414 1392 ara

1024 1409 1113 1442 Caeli
1138 1418 1251 1441 aevum
1279 1408 1440 1449 gaudium.

557 1477 589 1510 5.
616 1474 697 1516 Ave,
724 1484 798 1506 rosa
821 1475 975 1516 speciosa,

617 1523 794 1555 Veternosa
819 1527 851 1553 et
876 1531 972 1554 exosa

664 1573 694 1602 A
719 1578 771 1601 me
796 1568 871 1610 fuga
896 1570 980 1602 odia.

618 1618 698 1657 Spes
724 1626 859 1654 reorum,
887 1626 944 1656 pes
970 1618 1166 1659 claudorum,

614 1665 688 1697 Lux
715 1673 892 1705 caecorum,
920 1674 954 1696 os
979 1668 1147 1708 mutorum,

661 1713 725 1752 Da,
750 1716 787 1743 ut
811 1721 958 1752 spernam
984 1713 1090 1746 noxia.

619 1760 730 1792 Honor
755 1760 849 1801 regis,
875 1769 964 1792 amor
989 1760 1077 1802 legis,

617 1808 651 1839 Si
676 1816 726 1838 me
752 1808 846 1849 regis,
873 1808 938 1839 vivi
963 1808 1068 1848 gregis

667 1855 723 1887 Me
749 1855 810 1886 duc
834 1855 877 1887 ad
902 1856 1057 1897 convivia,

619 1903 676 1935 Pio
704 1903 799 1934 ductu
822 1902 890 1933 sine
914 1903 1001 1934 luctu

622 1950 690 1982 Tuo
717 1948 823 1981 fructu
847 1959 899 1981 me
922 1951 987 1982 iam
1011 1951 1072 1983 duc
1093 1954 1138 1992 tu,

666 1998 712 2031 Ut
737 1996 826 2029 fruar
850 1998 883 2029 in
909 1999 1024 2037 patria.

299 2056 333 2082 A.
352 2055 401 2082 fol.
423 2053 481 2082 Ob.
503 2069 538 2073 —-
562 2054 681 2082 Collect.
703 2062 756 2081 ms.
779 2053 1008 2089 Campoliliense
1029 2052 1163 2082 saec-14.
1184 2056 1225 2083 in.
1253 2056 1324 2084 Cod.
1337 2055 1545 2092 Campolilien·

222 2091 270 2122 40.
289 2093 325 2120 E.
347 2108 384 2111 —
405 2091 432 2127 4,
455 2091 472 2120 5
492 2092 577 2120 firma
598 2100 650 2120 ora
668 2092 705 2120 E.
725 2107 762 2111 —
777 2092 877 2128 Vei-gl.
899 2092 985 2119 Anal.
1005 2093 1060 2126 111,
1082 2091 1147 2120 176.

676 2175 718 2207 19.
758 2175 801 2206 De
821 2175 917 2206 beata
936 2175 1037 2207 Maria
1057 2177 1092 2207 V.

665 2232 799 2272 Super
831 2233 918 2264 Ave
949 2232 1101 2265 Maria.

240 2296 274 2330 1.
298 2296 385 2327 Ave
430 2304 448 2327 0
474 2303 645 2337 puerpera,

344 2344 423 2376 Flos
449 2343 652 2386 virginitatis,

300 2391 487 2424 Praedulcis
514 2390 708 2431 christifera,

346 2439 433 2471 Fons
458 2439 678 2478 iucunditatis,

987 2295 1026 2327 In
1051 2303 1236 2327 succursum
1261 2305 1403 2337 propera

1034 2342 1137 2374 Nobis
1163 2343 1336 2386 tribulatis,

988 2391 1081 2423 Pacis
1107 2390 1185 2422 offer
1210 2401 1352 2436 munera,

1039 2438 1135 2471 Solve
1160 2448 1180 2471 a
1204 2441 1357 2480 peccatis
