1651 2700
706 148 940 184 —43-

190 253 197 260 .
233 229 357 264 Horum
385 243 460 275 spes
487 240 537 269 est
560 238 763 285 immortalis,

232 277 318 311 Nam
343 281 464 315 habent
488 285 550 318 Dei
576 288 635 320 sub
661 290 722 322 alis

278 328 428 363 Praemia
453 331 558 367 beata.

196 418 204 427 .
230 395 317 427 Mari
341 398 456 430 mersis
481 399 627 434 hostibus

280 444 413 477 Fideles
438 447 601 482 laetantur

228 490 434 533 Signatisque
458 496 605 535 postibus

276 538 439 581 Sanguine
464 544 640 590 salvantur,

227 587 374 620 Reddita
397 590 554 629 primaria

230 634 322 668 Stola
346 636 394 668 sic
420 638 460 670 de
486 640 549 672 alia

272 683 363 716 Stola
389 690 597 733 securantur,

188 756 195 764 .
231 731 396 773 Martyres
421 735 456 767 hi
480 736 616 779 nobiles,

228 778 372 812 Caritate
396 782 544 825 stabiles,

271 828 407 869 Angelis
433 836 622 872 aequantur.

317 935 363 967 In
390 936 622 974 Laudibus,

335 1019 431 1057 Super
452 1022 600 1051 Psalmos.

184 1103 191 1110 .
226 1078 391 1119 Martyres
419 1081 460 1113 de
485 1082 611 1114 clibano

221 1126 338 1158 Mundi
364 1129 484 1168 sumpti
509 1133 662 1170 tympano

221 1173 375 1206 Laudant
400 1178 432 1207 et
456 1177 489 1208 in
515 1186 635 1218 organo

220 1221 393 1255 Dominum
422 1224 462 1255 de
487 1224 624 1260 Libano.

338 1328 384 1356 Ad
405 1329 592 1358 Benedictus.

182 1409 189 1417 .
225 1385 422 1419 Benedictus
446 1397 490 1429 es,
516 1389 666 1432 Domine,

218 1433 268 1466 Tu
293 1433 371 1467 fidei
396 1437 450 1476 qui
475 1437 597 1469 lumine

214 1481 350 1515 Sanctos
376 1484 434 1516 hos
460 1494 518 1517 suo
544 1486 699 1526 sanguine

261 1531 336 1564 Tibi
363 1534 568 1574 consecrasti,

215 1578 366 1618 Ipsorum
392 1581 611 1614 contuberniis

216 1626 394 1661 Caelicolas
420 1630 608 1670 sollemniis,

212 1674 423 1710 Christicolas
449 1677 610 1719 suffragiis

257 1723 399 1757 Abunde
425 1725 548 1759 ditasti.

321 1832 401 1864 Per
425 1831 580 1867 Horas,

346 1917 392 1945 Ad
413 1918 554 1946 Primam.

169 2010 177 2019 .
213 1986 326 2018 Austri
353 1987 457 2020 duleis
482 1986 615 2022 flamina

254 2034 409 2068 Germina
433 2035 622 2080 fecundant,

208 2082 389 2124 Martyrum
417 2087 466 2117 tot
490 2086 620 2126 agmina

257 2131 420 2165 Caelestes
442 2135 632 2168 secundant.

342 2237 389 2265 Ad
408 2239 551 2266 Tertiam.

165 2320 173 2329 .
211 2295 373 2329 Gedeonis
396 2297 520 2330 vellera

253 2345 341 2377 Rore
365 2344 592 2388 infunduntur,

204 2393 369 2434 Martyres
395 2394 444 2426 sic
468 2404 604 2427 munera

253 2441 350 2474 Vitae
374 2442 564 2476 sortiuntur.

1071 251 1118 279 Ad
1138 253 1268 283 Sextam.

849 305 890 338 A.
924 307 1026 340 Morti
1051 319 1086 342 se
1109 311 1301 352 impendunt
1324 316 1381 349 isti

922 355 987 388 Pro
1013 366 1121 390 amore
1146 361 1220 392 Iesu
1246 363 1376 407 Christi,

969 404 1046 436 Plus
1072 414 1166 446 quam
1189 409 1232 441 ad
1258 412 1406 445 convivia

971 450 1111 485 Currunt
1136 456 1176 488 ad
1204 459 1373 498 supplicia.

1064 557 1110 585 Ad
1129 559 1255 588 Nonam.

847 620 889 656 A.
916 622 1096 665 Ampliavit
1119 627 1246 661 viscera

970 671 1118 706 Christus
1142 676 1273 715 pietatis

919 718 984 751 Pro
1010 720 1103 754 laeva
1128 723 1187 755 sub
1218 725 1353 759 dextera

966 766 1092 801 Sanctis
1117 773 1351 808 transmutatis,

987 893 1034 925 In
1060 896 1091 929 2.
1118 896 1340 938 VesperiS.

1061 990 1259 1027 Antiphonae.

858 1054 889 1086 1.
917 1054 1041 1096 Singuli
1065 1058 1098 1089 in
1126 1060 1273 1092 crucibus

963 1103 1127 1145 Martyres
1153 1106 1254 1139 adfixi

914 1149 1009 1182 Fidei
1034 1152 1093 1184 sub
1119 1153 1243 1195 legibus

961 1197 1057 1232 Stant
1079 1201 1114 1232 in
1139 1201 1235 1234 finem
1264 1202 1328 1237 fixi.

855 1266 885 1297 2.
912 1265 1034 1298 Decem
1058 1270 1231 1302 mutatoria

961 1314 1066 1348 Missa
1090 1316 1242 1350 Helisaeo

911 1360 1055 1406 Signant,
1083 1365 1169 1405 quod
1193 1367 1331 1400 ecclesia

960 1410 1069 1443 Mittit
1092 1413 1171 1445 istos
1196 1414 1277 1449 Deo.

850 1477 882 1510 3.
909 1476 1020 1510 Beatis
1047 1480 1246 1513 coniubilant

957 1526 1059 1559 Astra
1082 1530 1251 1570 matutina,

908 1572 969 1613 Qui
995 1583 1109 1608 cruore
1133 1578 1270 1610 rutilant

956 1622 1047 1656 Hora
1071 1626 1268 1665 vespertina.

848 1689 882 1721 4.
908 1689 954 1721 Hi
978 1699 1039 1732 per
1064 1693 1264 1734 patientiam,

954 1738 1023 1777 Qua
1047 1741 1201 1773 mundum
1228 1743 1386 1788 vicerunt,

906 1785 1123 1827 Supernorum
1150 1790 1286 1830 gloriam

954 1834 1047 1867 Laeti
1071 1837 1286 1872 intraverunt.

1023 1941 1070 1969 Ad
1089 1943 1272 1980 Mag-nificat.

829 2008 871 2044 A.
909 2009 1092 2050 Martyrum
1118 2015 1166 2044 tot
1192 2014 1285 2046 cunei

902 2059 1059 2091 Passione
1084 2061 1167 2092 rosei

903 2106 978 2138 Non
1002 2108 1104 2140 tulela
1131 2109 1226 2149 clipei

902 2154 968 2187 Sed
994 2156 1115 2188 virtute
1139 2156 1215 2189 fidei

948 2203 988 2235 In
1015 2203 1146 2237 Christo
1174 2204 1361 2250 fundantur,

901 2251 941 2283 In
967 2252 1097 2283 caelesti
1126 2254 1216 2285 curia

899 2299 988 2332 Vera
1009 2299 1042 2331 in
1068 2300 1195 2333 laetitia

899 2346 1034 2379 Honore
1059 2351 1092 2379 et
1116 2349 1221 2389 gloria

900 2395 981 2428 Cum
1006 2397 1092 2429 stola
1115 2397 1272 2437 primaria

948 2443 1067 2477 Merito
1095 2445 1250 2480 ditantur.
