1651 2700
634 556 654 587 l.
697 557 739 589 De
760 559 1033 600 sanet0‚Ae.11atio.

180 623 212 655 1.
240 620 378 656 Amator
404 626 508 658 dulcis
532 626 696 660 hominum

239 671 382 714 Cameris,
409 674 483 705 Iesu
507 674 655 717 Domine,

237 719 348 759 Usque
373 721 415 753 ad
440 724 548 754 terrae
573 725 742 756 terminum

235 769 265 799 A
291 768 402 800 solis
428 772 548 802 ortus
574 772 760 806 cardine.

182 835 215 866 2.
243 830 407 868 Concilias
432 837 605 870 Achatium

240 883 315 915 Tibi
342 892 413 915 cum
438 885 534 917 turba
558 895 728 926 procerum

239 931 381 963 Militum
408 942 521 964 novem
548 935 681 976 milium,

236 978 447 1012 Conditor
472 982 580 1013 alme
598 983 796 1016 siderum.

178 1045 212 1079 3.
237 1042 312 1079 Hos
338 1049 522 1086 spernendo
548 1049 720 1082 simulacra

239 1094 356 1126 Turbis
382 1095 454 1126 unis
472 1095 616 1127 fidelium

235 1140 417 1182 Sanguinea
441 1151 500 1182 per
525 1144 666 1183 lavacra,

232 1189 313 1221 Rex
329 1189 501 1230 Christe,
518 1190 649 1224 factor
664 1194 841 1226 omnium.

173 1258 206 1289 4.
232 1254 287 1290 Ad
313 1257 383 1290 Deo
411 1258 523 1299 dignos
550 1261 682 1292 comites

232 1305 397 1338 Theodori
423 1315 493 1339 cum
514 1308 631 1348 gaudio

235 1353 330 1385 Mille
355 1354 519 1396 coniungis
544 1356 673 1399 milites,

228 1401 342 1443 Iesu,
366 1404 518 1435 nostra
534 1405 790 1445 redemptio.

875 633 906 663 5.
936 629 1062 665 Claram
1088 634 1136 665 sic
1161 638 1194 666 et
1217 645 1413 676 purpuream

933 679 1074 713 Numero
1102 682 1210 714 decem
1237 684 1405 723 palmitum

931 727 1031 760 Tuam
1061 738 1260 763 consummas
1286 733 1421 775 vineam,

932 775 1037 808 Deus
1063 780 1228 811 tuorum
1253 780 1448 814 militum.

897 870 903 876 .
931 840 1072 877 Iudicati
1097 846 1256 886 supplicia

932 890 1043 923 Crucis
1070 893 1215 926 volenter
1240 895 1387 935 subeunt,

930 938 1047 980 Fulget
1074 941 1177 973 crucis
1203 943 1350 983 victoria,

929 987 1105 1020 Vexilla
1130 990 1241 1030 regis
1266 1000 1341 1030 pro
1354 992 1372 1023 d
1385 995 1488 1025 eunt.

894 1078 901 1084 .
930 1050 1132 1086 Veneremur
1157 1056 1214 1087 hos
1239 1057 1364 1089 nobiles

931 1102 994 1132 Per
1018 1103 1151 1141 pietatis
1178 1112 1286 1147 opera,

929 1149 988 1187 Qui
1016 1159 1044 1180 m
1049 1154 1204 1182 eruerunt
1230 1152 1363 1184 stabiles

926 1198 1101 1229 Aeterna
1129 1198 1281 1231 Christi
1306 1210 1473 1233 munera.

892 1289 898 1295 .
928 1260 979 1297 Sit
1005 1274 1091 1297 nunc
1114 1266 1167 1298 1110
1193 1270 1225 1298 et
1250 1268 1285 1299 in
1311 1269 1418 1308 patria

925 1311 1013 1344 Vera
1037 1313 1131 1345 nobis
1157 1312 1307 1356 felicitas,

923 1359 1011 1393 Laus
1037 1361 1097 1393 tibi
1122 1362 1166 1394 sit
1191 1365 1223 1394 et
1247 1364 1360 1406 gloria,

924 1408 948 1441 O
975 1409 1066 1451 luX,
1093 1410 1224 1443 beata
1248 1412 1444 1445 trinitas.

237 1467 261 1494 B
284 1468 335 1495 fol.
360 1466 416 1496 164
435 1470 463 1498 b.
484 1484 522 1488 —
542 1471 628 1499 Nach
649 1470 706 1499 Str.
728 1470 746 1500 3
766 1473 895 1502 Divisio.
916 1489 954 1492 —
974 1475 1036 1503 Der
1049 1476 1187 1512 Hymnus
1209 1477 1288 1505 steht
1305 1478 1412 1507 bei-eits
1435 1487 1488 1508 aus

161 1505 259 1533 einem
278 1507 472 1536 Lilienfelder
491 1509 639 1543 Brevtere,
665 1511 824 1547 mitgeteilt
844 1512 930 1540 Anal.
952 1514 1003 1549 IV,
1026 1512 1071 1549 63,
1092 1516 1144 1543 Nr.
1166 1514 1211 1544 95.

603 1600 630 1631 2.
672 1600 715 1632 Dc
736 1602 844 1633 sancto
865 1601 1045 1634 Altmanno.

427 1667 457 1699 1.
485 1666 535 1698 De
559 1667 671 1699 mundi
697 1668 841 1700 sentibus
867 1670 1011 1710 exsurgit
1035 1671 1145 1703 rosula

490 1714 685 1747 Cunctorum
711 1716 856 1748 sentibus
882 1715 989 1749 ferens
1016 1719 1183 1760 miracula,

486 1763 650 1795 Virtutum
674 1762 795 1805 opifex,
820 1765 1015 1798 Altmannus
1040 1766 1204 1807 pontifex,-

534 1810 659 1854 Gaude,
686 1815 790 1844 mater
816 1813 964 1847 ecclesia.

426 1879 457 1911 2.
483 1878 535 1911 De
560 1882 656 1920 gente
682 1879 843 1912 Saxonum
868 1883 905 1912 ut
930 1882 979 1913 sol
1005 1883 1224 1925 progreditur,

484 1928 523 1960 In
548 1927 620 1968 ipso
648 1937 822 1961 consonum
849 1929 894 1961 nil
920 1930 1006 1962 saxis
1032 1931 1193 1974 proditur,

484 1975 549 2008 Sed
575 1979 661 2008 totus
688 1975 831 2017 fulgidus
856 1981 1007 2018 totusque
1030 1978 1176 2020 floriduS,

528 2024 628 2057 Totus
654 2024 795 2057 refertus
821 2027 935 2067 gratia.

421 2092 452 2126 3.
480 2092 647 2125 Fortunae
672 2093 775 2125 aleam
802 2094 929 2133 sprevit
953 2095 1125 2134 industria,

481 2141 612 2173 Peccati
638 2142 783 2173 lanceam
811 2141 908 2183 fregit
936 2144 1126 2182 constantia,

485 2188 625 2221 Satanae
651 2188 805 2221 frameam
832 2193 931 2223 totam
959 2192 1123 2231 vipeream

528 2237 667 2269 Virtutis
693 2238 771 2270 vicit
797 2239 917 2280 gladio.

422 2304 455 2338 4.
482 2304 658 2337 Brachium
680 2305 819 2346 porrigit
844 2314 936 2337 suum
963 2306 1005 2338 ad
1026 2305 1134 2347 fortia,

479 2352 552 2385 Deo
579 2362 635 2385 cor
661 2354 757 2394 erigit
782 2362 959 2393 aspernans
985 2354 1083 2386 noxia

481 2401 599 2433 Floret
622 2401 754 2443 vigiliis,
781 2402 880 2433 instat
905 2402 1045 2442 ieiuniis,

529 2449 649 2482 Salutis
675 2450 763 2491 viget
788 2450 906 2483 studio.
