1651 2700
615 687 635 717 1.
675 687 720 718 De
740 689 853 720 sancta
873 690 1004 731 Agnete.

146 779 206 814 la.
238 779 363 823 Gaude,
391 782 478 825 Sion,
506 784 712 828 laetabunda,

240 829 344 870 Virgo
372 829 450 863 felix
477 835 509 864 et
535 831 685 876 fecunda,

289 878 314 910 O
339 881 444 911 mater
470 881 618 924 ccclesia,

152 972 212 1004 2a.
242 971 357 1006 Gaude
383 983 470 1016 ergo,
497 982 605 1009 mente
631 988 721 1020 cana,

237 1020 337 1053 Vultu
365 1022 493 1064 decens,
518 1023 584 1056 fide
611 1035 700 1067 sana,

284 1069 382 1109 Agna
407 1071 479 1111 agni
506 1070 584 1107 filia.

144 1163 164 1195 3
177 1171 207 1195 a.
236 1162 361 1202 Gaude,
385 1165 461 1197 dum
480 1166 521 1198 de
538 1167 658 1200 scholis
675 1170 774 1210 redis,

235 1210 367 1251 Nuptiis
393 1221 558 1246 assensum
584 1214 690 1248 foedis

281 1260 329 1293 Ut
356 1260 423 1298 des,
450 1260 489 1293 fit
512 1262 678 1299 instantia.

141 1355 206 1389 4a.
235 1354 360 1398 Gaude,
388 1357 533 1397 proiecto
557 1361 687 1393 mortali

234 1403 360 1443 sponso
384 1405 479 1438 nubis
504 1406 692 1449 immortali,

280 1451 424 1485 Damnas
450 1455 649 1489 transitoria.

141 1548 200 1581 5a.
230 1546 355 1590 Gaude,
384 1549 458 1581 dum
484 1551 725 1594 prostibularis‚

225 1595 298 1628 Non
326 1595 470 1630 foedaris
496 1603 585 1631 tactu
611 1601 710 1633 maris

273 1644 343 1676 Nec
369 1646 476 1678 carnis
502 1647 643 1681 miseria.

136 1740 196 1772 6a.
226 1738 351 1782 Gaude,
379 1750 473 1781 quem
498 1743 601 1776 libido
628 1748 748 1787 caecat,

224 1786 384 1828 Sponsum
413 1792 503 1822 tuum
529 1790 633 1825 fallax
658 1797 754 1827 necat

272 1837 446 1870 Daemonis
471 1840 625 1879 nequitia.

133 1932 193 1966 7a.
221 1932 346 1975 Gaude,
373 1934 407 1966 in
433 1933 595 1969 flammam
616 1938 763 1978 proiecta

220 1981 350 2015 Laudas
372 1983 488 2026 Deum,
513 1987 603 2018 stans
629 1989 748 2029 erecta,

267 2030 337 2063 Nec
361 2032 461 2065 sentis
486 2033 649 2068 incendia.

129 2126 191 2161 8a.
220 2126 345 2169 Gaude,
369 2128 417 2160 sic
433 2130 603 2169 perdendo
621 2135 758 2165 mortem

214 2175 351 2208 Transis
379 2177 412 2209 in
438 2178 584 2210 vivorum
612 2184 733 2214 sortem

263 2224 315 2257 De
340 2226 453 2259 mundi
474 2227 609 2261 malitia.

192 2319 217 2346 B
252 2320 304 2348 fol.
342 2318 423 2349 165a
457 2330 501 2358 sq.
533 2337 570 2342 —
602 2323 814 2361 „Sequentia“.

853 789 910 823 11).
939 790 1063 833 Gaude,
1084 795 1216 836 caelum,
1235 799 1324 829 terra
1339 799 1470 841 plaude,

938 839 1082 882 Festum,
1112 851 1195 883 ecce,
1222 845 1352 884 plenum
1376 847 1474 880 laude

984 888 1035 920 De
1059 889 1173 931 Agnae
1200 892 1345 926 victoria.

848 981 908 1015 2b.
937 982 1062 1024 Gaude,
1083 985 1185 1017 dulcis
1203 996 1322 1026 sponsa
1340 988 1471 1032 Christi,

933 1031 1049 1063 Mundi
1076 1031 1164 1064 faces
1190 1043 1272 1074 quae
1296 1036 1414 1078 vicisti,

981 1078 1086 1111 Felici
1110 1080 1282 1115 industria.

844 1171 902 1205 3b.
933 1171 1057 1215 Gaude,
1083 1177 1120 1206 tu
1143 1176 1303 1216 praefecti
1326 1181 1436 1210 natum

931 1221 1118 1254 Contemnis
1144 1233 1299 1265 suumque
1326 1226 1434 1258 datum

980 1268 1110 1302 Salubri
1137 1274 1327 1307 constantia.

839 1363 900 1396 41).
929 1363 1054 1406 Gaude,
1081 1369 1172 1399 veste
1199 1368 1364 1405 denudata

928 1411 1091 1452 Spernens
1118 1415 1195 1447 deos
1222 1425 1255 1448 es
1280 1421 1394 1451 ornata

974 1460 1053 1493 Plus
1080 1463 1178 1495 crinis
1206 1464 1364 1499 decentia.

836 1554 896 1590 5b.
925 1555 1049 1598 Gaude,
1077 1559 1161 1591 stola
1187 1560 1307 1593 caudes
1333 1564 1413 1604 tota,

923 1604 1046 1637 Domus
1072 1607 1177 1647 ‘turpis
1202 1607 1240 1640 fit
1266 1609 1384 1642 devota

970 1654 1089 1694 Angeli
1116 1657 1311 1694 praesentia.

840 1747 899 1781 6b.
928 1748 1053 1791 Gaude,
1081 1760 1140 1790 per
1164 1754 1195 1783 te
1222 1752 1307 1785 vitae
1334 1754 1429 1787 datur

921 1797 1009 1829 Tuus
1038 1807 1175 1838 sponsus
1202 1803 1234 1832 et
1258 1804 1397 1835 testatur

970 1845 1032 1878 Dei
1058 1847 1231 1882 mirabilia.

831 1940 891 1975 7b.
920 1941 1044 1986 Gaude,
1074 1944 1149 1976 dum
1176 1948 1456 1991 transgutturaris,

916 1990 1020 2032 Agna,
1048 2001 1131 2033 agno
1156 1996 1388 2035 complantaris

964 2040 1055 2072 Inter
1082 2042 1163 2073 caeli
1188 2043 1269 2078 lilia.

827 2134 887 2168 8b.
916 2135 1041 2177 Gaude,
1067 2135 1147 2169 felix
1174 2141 1207 2170 et
1231 2139 1336 2181 beata,

914 2183 983 2216 Nos
1011 2185 1073 2216 duc
1098 2186 1139 2217 ad
1168 2186 1223 2218 diu
1249 2190 1361 2227 optata

965 2231 1135 2265 Caelorum
1161 2235 1295 2275 palatia.

864 2326 1068 2355 Unmittelbar
1101 2328 1209 2356 vorher
1239 2329 1291 2358 der
1321 2331 1450 2368 Tropus:

115 2355 293 2392 „Alleluia“.
324 2360 360 2389 V.
389 2360 552 2389 Candidior
579 2371 610 2390 es
635 2364 720 2397 nive,
748 2364 874 2393 nitidior
901 2374 932 2393 es
957 2366 1051 2399 laete,
1086 2367 1279 2396 rubicundior
1307 2378 1338 2397 es
1365 2371 1454 2399 ebore

113 2397 249 2433 antiquo,
272 2406 303 2426 es
324 2398 478 2434 pulchrior
499 2401 650 2437 sapphiro,
672 2404 781 2438 Agnes,
804 2405 873 2440 agni
894 2401 1019 2440 gloria“.
1033 2419 1071 2423 —
1084 2405 1152 2434 Alle
1168 2406 1384 2437 Schlusszeilen
1399 2410 1451 2438 der

112 2435 342 2472 Halbstrophen
363 2439 476 2466 reimen
497 2440 529 2466 in
549 2441 595 2468 ia.
