1651 2700
709 144 967 179 —1515—

614 265 661 296 84.
701 264 744 295 De
766 266 874 297 sancto
894 265 1067 297 Vincentio.

195 335 225 369 1.
253 338 342 375 Ave,
368 336 576 369 invictissime
882 339 912 371 3.
939 337 1020 378 Ave,
1047 337 1100 377 qui
1126 336 1245 373 eculeo,

301 384 428 424 Martyr
454 386 486 415 et
508 384 617 424 levita,
987 384 1086 417 Uncis
1112 385 1306 423 cruentatus,

256 431 403 463 Vincenti
426 432 626 464 sanctissime
939 432 1086 465 Praesidi
1112 432 1241 471 vipereo

298 479 454 511 Doctrina
479 482 510 511 et
537 479 612 520 vita,
981 480 1037 512 Ad
1060 479 1251 512 vincendum
1277 478 1381 518 datus,

256 527 318 559 Per
342 530 375 558 te
400 535 488 559 mens
513 528 556 559 sit
579 527 699 567 optime
936 527 1107 560 Cruentum
1134 535 1184 559 me
1209 527 1303 559 video

301 575 377 607 Mea
401 575 551 607 redimita
983 576 1047 608 Per
1070 575 1187 607 multos
1212 577 1330 614 reatus,

252 622 298 654 Et
323 623 407 655 omni
431 621 611 654 firmissime
938 623 1030 655 Assis
1055 623 1149 655 velox
1174 623 1248 655 ideo

305 670 393 702 Bono
418 670 571 702 stabilita.
987 670 1054 702 Mei
1077 671 1257 703 miseratus.

221 763 227 770 .
254 737 336 779 Ave,
363 737 463 768 vincis
489 737 603 778 omnia,
880 740 911 770 4.
937 737 1018 779 Ave,
1046 737 1244 769 invicibilem

301 784 384 816 Dum
410 784 510 815 vincis
536 784 681 815 insanum
986 786 1046 823 Qui
1071 785 1177 817 vicisti
1202 785 1307 817 Deum

255 831 319 863 Per
342 834 501 863 tormenta
525 831 617 862 varia
938 832 1001 864 Per
1026 832 1172 864 affectum
1199 833 1339 865 nobilem

303 878 425 910 Ducem
449 878 644 918 Dacianum;
980 880 1142 912 Imitando
1167 889 1248 920 eum,

252 926 360 958 Meum
387 934 444 965 per
468 926 576 958 inania
937 927 988 959 Ad
1013 927 1163 960 virtutem
1189 927 1337 959 stabilem

302 973 364 1005 Cor
390 972 532 1004 effectum
560 982 674 1005 vanum
980 974 1094 1015 Dirige
1119 984 1173 1006 cor
1198 984 1312 1018 meum,

251 1019 355 1052 Effice
380 1029 438 1060 per
462 1021 571 1053 studia
933 1022 980 1055 Ut
1003 1031 1066 1054 non
1092 1031 1151 1063 per
1176 1023 1351 1063 ignobilem

299 1068 369 1100 Tua
394 1068 456 1100 cito
482 1078 603 1101 sanum.
981 1069 1094 1101 Fallar
1117 1070 1317 1104 Iebusaeum.

582 1137 612 1168 5.
638 1136 718 1174 Ave,
746 1135 799 1175 qui
824 1136 1033 1167 stridentibus

682 1182 814 1223 Ignibus
839 1183 975 1215 iniectus

635 1229 805 1269 Speculum
831 1238 864 1261 es
891 1231 1035 1262 omnibus

683 1277 819 1308 Virtutis
845 1277 984 1321 effectus,

634 1325 721 1357 Hinc
747 1333 816 1356 cum
841 1326 1051 1357 militantibus

682 1372 731 1405 Sit
754 1381 842 1403 meus
868 1372 1007 1412 affectus,

635 1419 680 1451 Ut
705 1428 775 1451 cum
799 1420 1070 1460 triumphantibus

683 1466 847 1500 Gaudeam
873 1469 1002 1500 electus.

255 1530 279 1557 A
301 1531 349 1558 fol.
372 1528 389 1557 2
402 1539 427 1558 a.

651 1616 697 1647 85.
737 1616 780 1648 De
801 1618 907 1648 sancto
928 1618 1011 1649 Vito.

216 1717 224 1725 .
250 1692 331 1734 Ave,
354 1702 435 1734 puer
459 1693 582 1739 floride,
877 1699 907 1731 3.
933 1698 1014 1739 Ave,
1040 1697 1099 1730 fios
1124 1698 1280 1740 laetitiae,

298 1739 379 1782 Vite,
406 1745 528 1783 martyr
554 1744 649 1785 clare,
982 1746 1119 1778 Florens
1144 1746 1263 1778 mundo
1288 1744 1394 1787 flores,

249 1788 309 1827 Qui
334 1790 477 1821 transisti
500 1791 636 1830 provide
936 1793 995 1831 Qui
1019 1794 1136 1826 multos
1164 1794 1319 1826 ecclesiae

296 1835 400 1868 Huius
425 1838 535 1870 mundi
559 1848 657 1879 mare,
980 1842 1140 1875 Conducis
1166 1842 1209 1874 ad
1234 1840 1330 1881 fores,

247 1882 351 1915 Menti
376 1893 465 1916 meae
489 1886 654 1919 morbidae
934 1890 1005 1921 Tua
1028 1899 1126 1929 prece
1149 1890 1263 1922 veniae

297 1931 422 1963 Adesse
449 1933 591 1974 dignare,
983 1937 1066 1969 Mihi
1090 1936 1190 1970 funde
1215 1946 1317 1977 rores,

249 1977 374 2010 Possim
400 1981 504 2011 carnis
529 1981 655 2013 luridae
935 1984 985 2015 Ne
1009 1994 1149 2025 unquam
1173 1985 1336 2025 nequitiae

295 2026 402 2058 Motus
428 2030 463 2058 ut
487 2027 608 2068 fugare.
983 2032 1136 2065 Sorbeam
1162 2031 1312 2066 foetores.

214 2116 221 2123 .
250 2091 330 2130 Ave,
358 2102 426 2125 cum
452 2094 613 2128 industria
875 2099 906 2130 4.
933 2099 1013 2140 Ave,
1042 2100 1095 2139 qui
1121 2100 1257 2132 victoria

294 2140 402 2181 Agens
426 2143 631 2188 iuventutem,
981 2147 1027 2179 Es
1052 2150 1089 2179 ut
1112 2148 1162 2181 leo
1188 2146 1293 2190 fortis,

249 2187 364 2220 Mundi
388 2188 471 2230 fugis
499 2192 605 2224 dulcia
934 2194 1043 2227 Vincis
1070 2196 1102 2227 in
1129 2196 1240 2229 Sicilia

298 2235 435 2269 Currens
453 2239 495 2270 ad
521 2240 680 2281 virtutem,
982 2243 1115 2281 Quando
1142 2245 1255 2276 ducem
1281 2244 1406 2286 mortis,

247 2282 402 2317 Precibus
427 2284 558 2329 flagitia,
888 2289 961 2332 Ora,
989 2300 1029 2322 ne
1052 2300 1104 2323 me
1128 2292 1208 2325 vitia

296 2331 423 2374 Confer,
449 2337 486 2365 ut
510 2334 656 2378 refutem,
980 2338 1068 2370 Dent
1092 2339 1211 2372 inferni
1235 2337 1349 2382 port-is,

249 2378 304 2410 Ad
330 2383 491 2413 aeternam
512 2384 599 2416 socia
936 2386 1000 2419 Sed
1027 2387 1130 2421 vivam
1158 2389 1191 2420 in
1217 2386 1321 2430 gloria

295 2427 351 2459 Me
375 2429 435 2461 tibi
460 2431 604 2465 salutem.
983 2435 1096 2468 Comes
1122 2438 1169 2468 tui
1194 2433 1301 2470 sortis-
