1651 2700
686 128 949 163 —193—

384 224 422 257 11.
462 224 601 264 Hymnus
627 227 665 259 de
685 228 785 262 Morte
808 232 840 262 et
859 232 1101 268 Resurrectione
1121 236 1248 269 Christi.

160 311 191 344 1.
221 312 413 353 Sanctorum
438 316 542 349 multa
567 326 704 357 corpora
858 324 890 355 5.
917 323 1050 357 Lavasti
1076 335 1133 358 nos
1159 327 1193 359 in
1219 329 1373 370 sanguine

225 360 348 394 Christi
373 366 478 396 morte
499 370 720 407 surrexerunt,
914 372 983 404 Tuo
1007 374 1250 419 pretiosissimo,

221 405 298 453 (Ut)
325 411 487 444 scirentur
513 413 580 444 eius
606 422 714 455 opera,
915 419 982 452 Nos
1010 421 1161 463 dilexisti,
1188 423 1338 461 Domine,

219 457 347 490 Scissae
371 462 549 500 petraeque
573 459 714 503 fuerunt,
914 468 961 500 Ut
985 468 1181 502 laetaremur
1205 473 1333 512 gaudio.

218 505 337 539 Mortis
363 507 484 541 Christi
510 508 640 549 quidem
666 510 747 543 hora
914 514 982 547 Nos
1007 516 1174 550 luminasti
1198 519 1329 558 lumine,

216 552 304 585 Muri
328 555 442 595 templi
467 565 503 588 se
528 560 706 592 moverunt,
911 562 1050 595 Eramus
1076 574 1134 597 nos
1158 566 1191 597 in
1217 566 1355 601 inferno.

180 672 188 681 .
217 649 297 682 Cum
323 650 356 682 in
384 659 479 683 cruce
504 654 691 693 pependisti
854 658 884 690 6.
911 658 990 690 Fuit
1014 659 1147 692 turbata
1172 670 1235 694 vox
1261 671 1396 703 superne

213 698 265 730 Tu
290 707 351 738 pro
376 698 467 731 fideli
492 702 624 745 populo,
907 707 1017 747 Atque
1042 708 1144 740 omnis
1170 709 1273 742 dulcis
1300 715 1420 756 cantus,

215 745 319 778 Nobis
345 747 444 780 vitam
470 749 637 781 tradidisti
908 754 954 787 Et
980 759 1137 789 commota
1164 761 1279 790 cuneta
1305 768 1413 802 regna,

213 793 253 826 In
279 803 395 835 aspero
421 796 577 840 patibulo,
908 802 1030 835 Dolens
1057 805 1154 837 corde
1181 807 1283 838 omnis
1309 812 1449 850 sanetus,

212 841 338 875 Mundo
363 843 466 876 lucem
492 847 528 877 tu
555 846 684 889 dedisti,
907 850 958 882 Ao
981 851 1013 883 in
1038 852 1105 884 vita
1130 854 1328 894 sempiterna

209 890 270 929 Qui
296 894 366 923 erat
390 892 460 924 sine
485 894 589 926 oculo.
904 898 981 930 Fuit
1008 899 1097 932 dirus
1125 901 1226 945 dolor,
1253 903 1413 942 planctus.

176 1010 182 1017 .
216 984 354 1026 Sanguis
380 991 525 1029 sanctus,
554 990 608 1029 qui
632 992 777 1024 manavit
848 995 879 1029 7.
907 996 945 1027 111
972 996 1121 1036 sepulcro
1147 997 1199 1028 hie
1224 1000 1369 1040 sepultus

205 1033 259 1065 Ex
285 1043 382 1067 sacro
407 1038 462 1068 tuo
489 1045 635 1078 corpore,
905 1042 1054 1075 Surrexit
1079 1044 1131 1076 die
1157 1046 1265 1087 tertia,

210 1081 278 1113 Nos
303 1081 449 1115 infirmos
474 1086 637 1117 resanavit
904 1090 994 1122 Sicut
1019 1092 1067 1123 sol
1093 1095 1142 1123 est
1166 1093 1233 1124 eius
1259 1094 1357 1126 vultus

207 1128 292 1161 Suae
318 1130 448 1162 virtutis
474 1141 583 1172 opere,
902 1137 949 1169 Et
973 1141 1009 1169 ut
1031 1139 1087 1170 nix
1113 1140 1180 1171 eius
1205 1142 1320 1183 spolia,

208 1176 362 1209 Nostram
388 1178 488 1210 vitam
513 1182 681 1220 reparavit
902 1185 953 1217 Ao
977 1185 1107 1218 Iudaeis
1133 1188 1230 1220 timor
1254 1189 1369 1221 multus

207 1224 408 1258 Confirmans
434 1236 492 1259 nos
517 1228 550 1259 in
577 1228 704 1262 robore.
905 1233 983 1265 Cum
1010 1235 1150 1267 maxima
1176 1236 1321 1270 tristitia.

139 1321 172 1353 4.
199 1321 249 1353 Tu
274 1322 347 1361 pius
373 1325 406 1354 et
430 1323 614 1356 misericors
839 1328 871 1361 8.
898 1328 1079 1361 Descendit
1103 1330 1157 1363 hic
1182 1332 1224 1364 ad
1250 1331 1371 1365 inferos

204 1369 346 1401 Mortem
371 1371 440 1410 pati
466 1372 608 1414 voluisti,
897 1376 944 1409 Et
966 1376 1129 1410 infernum
1155 1379 1210 1411 hie
1232 1382 1398 1423 pugnavit,

201 1417 227 1450 Ο
253 1427 349 1458 quam
373 1421 477 1463 atrox,
506 1420 587 1459 dira,
615 1420 707 1454 ferox
897 1424 1052 1458 Extraxit
1077 1426 1131 1459 hic
1156 1426 1351 1469 mortifer0S‚

200 1464 281 1497 Fuit
302 1466 384 1508 ipsa,
413 1476 482 1500 cum
508 1470 647 1513 sensisti,
896 1473 981 1513 Quos
1008 1474 1144 1507 daemon
1172 1472 1411 1520 [ex]crueiavit,

201 1513 342 1554 Fuitque
366 1513 454 1548 facta
480 1516 549 1549 dies
574 1526 648 1557 nox,
894 1520 964 1553 Hos
990 1520 1113 1555 faciens
1136 1524 1304 1557 laetiferos

201 1561 281 1595 Cum
310 1560 373 1605 [tu]
399 1567 535 1596 mortem
559 1565 737 1601 incurristi.
894 1568 940 1601 Et
965 1579 985 1602 a
1009 1574 1113 1603 morte
1136 1572 1299 1607 liberavit.

488 1663 519 1695 9.
546 1661 625 1694 Fuit
648 1663 741 1695 huius
767 1664 918 1697 interitus

544 1710 667 1743 Nostra
691 1712 822 1752 quidem
847 1714 1042 1756 redemptio,

544 1759 624 1791 Fuit
648 1760 796 1793 caelestis
822 1762 971 1805 gemitus,

544 1806 623 1839 Cum
649 1806 713 1840 fuit
735 1809 769 1840 in
795 1810 952 1855 patibulo⁷

544 1855 622 1888 Fuit
646 1865 804 1898 supernus
831 1859 975 1891 canticus

541 1904 660 1937 Sancta
686 1905 754 1937 eius
780 1908 937 1940 ascensio.

200 1986 226 2022 7,
251 1985 265 2015 1
286 1987 344 2016 his.
366 2004 402 2008 —
424 1986 451 2024 8,
478 1987 492 2017 1
514 1989 571 2019 his.
592 2004 632 2012 —
652 1988 678 2026 8,
701 1989 719 2019 2
739 1992 796 2021 his.
817 2008 853 2012 —
876 1991 902 2029 8,
923 1991 941 2019 3
962 1994 1018 2023 his.
1039 2011 1078 2015 -—
1098 1995 1125 2031 9,
1149 1995 1164 2025 1
1186 1997 1234 2026 his
1255 2000 1393 2027 interitus

381 2103 424 2135 12.
466 2103 605 2144 Hymnus
627 2105 711 2138 alius
733 2107 770 2139 de
791 2107 1038 2141 Resurrectione
1061 2109 1188 2143 Christi.

155 2217 162 2224 .
191 2193 251 2236 Tu,
280 2192 402 2226 Christi
427 2197 632 2241 resurreetio,
827 2201 859 2232 2.
886 2200 937 2232 Tu
962 2199 1055 2231 nobis
1083 2208 1116 2232 es
1140 2201 1174 2233 in
1200 2200 1364 2242 gaudium.

186 2240 293 2274 Fuisti
320 2242 374 2274 die
398 2244 506 2286 tertia,
885 2247 936 2280 Tu
960 2247 1054 2280 nobis
1078 2248 1113 2281 in
1138 2249 1307 2290 laetitiam,

184 2289 306 2323 Divina
330 2294 367 2323 tu
391 2292 565 2334 promissio
886 2295 936 2328 Tu
962 2295 1039 2328 eicis
1065 2296 1269 2329 daemonium

184 2339 236 2371 Tu
260 2339 387 2381 Deique
411 2341 570 2383 potentia,
883 2344 933 2376 Tu
957 2344 1117 2386 pellisque
1138 2346 1314 2390 tristitiam,

184 2387 235 2419 Tu
259 2389 403 2429 gentium
428 2390 535 2432 tuitio,
883 2392 934 2424 Tu
959 2401 993 2425 es
1018 2394 1208 2435 redemptor
1233 2395 1384 2438 omnium,

186 2435 237 2468 Tu
262 2436 379 2479 pietas,
407 2438 588 2473 elementia.
883 2440 933 2473 Tu
959 2442 1082 2475 cunctis
1110 2443 1210 2476 donas
1236 2443 1374 2477 veniam.

165 2494 188 2518 D
195 2501 209 2517 r
218 2501 255 2518 ev
263 2502 277 2518 e
286 2502 312 2525 s,
329 2496 453 2520 Boncore
469 2497 503 2521 de
521 2497 623 2521 Sancta
638 2497 770 2523 Victoria.
1238 2498 1272 2529 13
