1651 2700
690 143 928 179 ...41-

284 258 348 291 Ad
373 259 642 297 Matutinum.

346 344 566 376 Invitatorium.
833 337 873 370 V·

212 400 389 436 Iubilemus
415 405 537 445 gloriae

258 449 351 491 Regi,
379 461 455 484 vero
481 454 562 497 Deo,
846 473 866 505 2

210 497 270 537 Qui
298 503 429 532 coronat
455 501 554 534 hodie

256 545 421 586 Martyres
447 551 591 590 tropaeo.

266 662 312 693 In
340 662 371 695 1.
399 663 632 700 Nocturno.

349 748 549 786 Antiphonae.
828 762 857 795 V

146 804 178 838 1.
206 804 339 839 Samson
357 817 469 850 novus,
490 811 643 853 princeps
661 812 767 856 fortis,

252 854 447 889 Revehendo
474 860 579 899 spolia

203 901 389 943 Martyrum
424 905 464 937 de
490 905 583 939 fauce
604 909 718 941 mortis

252 950 372 983 Decem
399 954 488 985 vexit
511 956 611 989 milia.

839 993 872 1025 3.

139 1027 172 1058 2.
205 1026 272 1058 Res
298 1028 476 1073 mirandae,
503 1040 555 1063 res
580 1033 739 1074 novellae,

253 1075 375 1108 Plenae
403 1076 465 1109 Dei
490 1087 599 1120 opere,

202 1121 254 1154 De
280 1123 347 1155 luto
374 1129 571 1166 consurgunt
596 1128 721 1171 stellae,

247 1170 361 1203 Violae
388 1172 428 1204 de
453 1174 598 1213 pulvere.

136 1246 168 1280 3.
196 1246 257 1286 Qui
284 1247 325 1279 de
350 1251 438 1281 terra
464 1248 543 1282 fecit
568 1252 703 1292 caelum,

247 1296 406 1337 Angelum
435 1298 475 1330 de
499 1298 637 1339 homine,

196 1343 333 1376 Sanctos
354 1345 412 1377 hos
433 1355 492 1386 per
512 1348 615 1379 crucis
631 1349 758 1388 prelum

245 1391 338 1425 Novo
363 1393 470 1434 signat
495 1396 634 1431 nomine.
831 1415 853 1446 4

133 1469 166 1501 4.
193 1468 378 1510 Martyrum
404 1473 437 1503 te
463 1473 655 1506 candidatus

243 1516 418 1551 Collaudat
443 1521 615 1563 exercitus,

192 1565 278 1607 Iesu,
305 1569 378 1599 tuus
406 1576 477 1599 cum
503 1569 617 1601 beatus

240 1613 381 1647 Debriat
407 1615 465 1648 hos
492 1617 637 1657 spiritus

128 1691 163 1723 5.
188 1691 252 1724 Pro
278 1692 352 1733 iugo
380 1693 437 1725 das
463 1694 648 1727 libertatem
814 1702 853 1737 V,

238 1739 310 1781 His,
336 1750 397 1780 pro
422 1742 493 1782 lege
518 1743 665 1786 gratiam,

189 1788 254 1820 Pro
276 1786 381 1829 figura
407 1790 578 1823 veritatem

232 1835 278 1868 Et
302 1845 361 1876 pro
389 1837 441 1870 via
466 1840 617 1879 patriam.

127 1913 160 1946 6.
188 1912 440 1954 Triumphantes
466 1915 523 1948 hos
549 1917 688 1951 athletas

235 1962 305 1994 Tuo
330 1962 414 1995 lotos
440 1965 596 2005 sangui-ne

181 2009 238 2042 Ad
264 2010 351 2043 vitae
377 2013 531 2046 conducis
556 2016 671 2057 metas,

234 2058 321 2101 Iesu,
349 2060 455 2092 dulcis
481 2061 629 2097 Domine.
823 2064 855 2098 1.

320 2175 400 2212 Resp
406 2178 534 2205 onsoria.

120 2242 152 2275 1.
179 2242 345 2276 Romanae
369 2245 576 2285 primicerius

180 2290 344 2333 Legionis,
371 2293 541 2337 Achatius,

224 2340 381 2381 Augustis
408 2340 605 2383 fugientibus

226 2387 300 2420 Stat
325 2392 358 2421 et
381 2390 489 2422 obstat
514 2391 646 2423 milibus

273 2436 412 2470 Tantum
439 2447 510 2470 cum
536 2440 670 2472 novenis

819 1279 857 1314 V.

907 244 1063 278 Hostibus
1087 246 1282 282 instantibus

955 291 1090 325 Milibus
1116 298 1276 337 centenis3

909 338 1028 372 Sensus
1054 340 1146 383 fugit,
1171 352 1226 376 cor
1250 345 1398 386 haesitat,

906 386 1006 427 Vigor
1032 392 1064 420 et
1089 390 1190 423 virtus
1217 393 1363 433 cespitat.

870 498 878 506 .
905 473 1019 506 Tantis
1044 475 1077 507 in
1103 479 1258 518 angustiis

904 519 1080 555 Victimant
1104 533 1164 564 pro
1191 525 1304 558 hostiis

951 569 1099 603 Hoedum
1126 573 1191 605 suis
1219 574 1297 616 deis,

904 616 1080 657 Sperantes
1105 622 1283 662 propitium

903 664 972 698 Sibi
996 669 1211 707 patrocinium

947 713 1038 746 Fieri
1064 715 1103 748 ab
1130 717 1193 756 eis3

860 787 868 795 .
904 762 968 795 Gor
993 763 1065 802 plus
1088 764 1201 797 horum
1225 766 1330 799 tabuit

946 810 1065 843 Maiori
1091 811 1228 857 defectu,

902 858 1020 898 Optato
1047 868 1118 891 cum
1144 863 1248 894 caruit

945 906 1089 940 Affectus
1116 908 1239 943 effectu.

899 993 1023 1026 Milites
1049 1003 1120 1026 cum
1148 995 1322 1028 deficerent

896 1040 1133 1083 Desperatique
1160 1043 1309 1084 fugerent

951 1089 1076 1121 Tristes
1103 1094 1135 1122 et
1158 1091 1315 1135 imbelles,

894 1137 1054 1176 Angelus:
1086 1137 1213 1171 Christo
1241 1140 1375 1182 credite,

893 1183 996 1226 Dixit,
1023 1188 1055 1216 et
1079 1185 1126 1218 ita
1152 1187 1277 1219 caedite

941 1231 1061 1264 Hostes
1088 1237 1120 1265 et
1145 1235 1301 1276 rebelles,

900 1279 1079 1313 Credentes
1104 1282 1247 1322 vincunt,
1274 1284 1425 1328 Domine,

892 1328 1012 1361 Hostes
1038 1329 1071 1361 in
1097 1334 1151 1362 tuo
1178 1332 1316 1365 nomine.

857 1438 865 1447 .
892 1414 970 1447 Veri
996 1416 1098 1448 virtus
1126 1417 1288 1450 Gedeonis

890 1461 1026 1495 Gentem
1053 1463 1145 1506 fugat
1168 1466 1327 1506 aquilonis

939 1511 1097 1545 Accensis
1123 1514 1339 1556 lampadibus,

889 1559 989 1592 Istam
1014 1560 1171 1594 Dominus
1199 1562 1361 1595 cohortem

888 1607 988 1640 Vexit
1011 1607 1089 1641 fidei
1115 1611 1157 1642 ad
1183 1614 1303 1642 sortem

936 1657 1072 1697 Fugatis
1098 1658 1284 1699 erroribus;

887 1704 1013 1736 Tantae
1038 1705 1086 1737 rei
1111 1707 1246 1739 mutatio

886 1751 1032 1785 Dextrae
1058 1755 1177 1786 excelsi
1201 1756 1297 1789 actio.

944 1889 992 1922 In
1019 1891 1051 1924 2.
1079 1890 1314 1925 Nocturno.

1031 1986 1231 2023 Antiphonae.

882 2064 999 2105 Aquae
1024 2065 1092 2096 vini
1116 2066 1256 2098 induunt

928 2112 1076 2153 Congrue
1100 2117 1261 2156 naturam,

876 2160 1045 2193 Idolorum
1070 2165 1227 2202 respuunt

925 2208 1011 2241 Dum
1036 2209 1093 2241 isti
1120 2210 1291 2243 culturam.

818 2296 850 2329 2.
877 2296 1061 2336 Martyrum
1079 2299 1128 2329 tot
1152 2297 1242 2329 milia

925 2344 1081 2376 Passibus
1107 2344 1238 2377 virtutis

880 2391 1023 2424 Currunt
1048 2401 1118 2424 cum
1146 2393 1272 2426 laetitia

921 2441 976 2473 Ad
1001 2439 1123 2473 fontem
1150 2442 1282 2476 salutis.
