1651 2700
695 138 742 143 —
793 120 860 154 104
909 139 957 143 -

175 214 207 246 3.
233 213 314 255 Ave,
341 217 435 254 pater
457 215 621 256 luminum,

283 261 308 294 Ο
334 261 421 294 Deus
448 263 590 304 deorum,

235 309 282 340 ‘l'e
306 312 443 342 testatur
466 310 634 343 Dominum

283 357 379 389 Suum
405 367 465 390 vox
492 362 685 403 cunctorum,

233 404 363 437 Exaudi
388 406 603 445 precaminum

281 452 459 485 Clamorem
481 462 633 494 meorum,

233 499 277 532 Ut
300 499 374 532 fiam
400 501 588 539 solaminum

276 548 443 587 Particeps
474 551 612 581 tuorum.

865 218 897 250 4.
925 218 1006 258 Ave,
1033 220 1136 259 pater,
1164 217 1307 249 cordium

971 265 1039 297 Pax
1063 265 1281 306 iucundativa,

922 309 968 345 Es
993 313 1036 345 ad
1060 315 1093 345 te
1119 314 1322 345 clamantium

968 361 1068 392 Totus
1094 361 1180 393 salus
1206 361 1290 403 viva,

919 408 999 439 Mihi
1026 409 1240 449 patrocinium

967 456 1016 488 De
1043 457 1139 488 caelis
1167 457 1287 497 deriva,

918 504 963 536 Ut
986 504 1052 536 tela
1076 505 1273 537 laedentium

963 551 1019 583 Me
1046 560 1198 593 spernam
1224 553 1348 586 nociva.

558 629 589 659 5.
617 627 697 669 Ave,
724 629 828 667 pater,
855 628 971 668 gaudia

660 675 719 714 Qui
747 675 803 706 das
827 676 1013 716 gaudiorum

611 723 716 761 Super
741 722 837 754 mella
864 723 970 755 dulcia

655 769 692 800 ln
720 778 816 809 regno
845 771 1013 811 caelorum,

610 815 737 856 Fugans
763 826 783 848 a
807 826 857 848 me
881 818 978 849 noxia

658 864 804 895 Omnium
830 865 984 896 malorum

611 909 782 943 Concivem
807 911 841 943 in
866 912 970 952 gloria

654 958 709 990 Me
733 957 786 990 fac
809 960 1005 999 angelorum.

234 1020 254 1047 A
277 1021 326 1047 fol.
353 1019 370 1047 2
377 1029 403 1048 a.

707 1098 734 1128 3.
766 1098 809 1129 De
833 1098 921 1129 Filio.

167 1164 197 1197 1.
225 1164 305 1206 Ave,
333 1164 415 1205 Iesu,
441 1165 496 1196 lux
523 1169 643 1209 exorta,

224 1211 306 1243 Dele
331 1212 416 1244 mala
439 1212 502 1244 iam
528 1213 669 1255 suborta,

225 1259 262 1290 In
288 1267 339 1290 me
360 1260 467 1300 plana,
494 1270 576 1300 quae
594 1265 667 1293 sunt
683 1264 778 1302 torta,

221 1306 337 1337 Mortis
363 1308 473 1345 procul
500 1308 583 1340 absit
608 1313 713 1348 porta.

162 1382 194 1412 2.
220 1381 302 1422 Ave,
328 1382 411 1424 Iesu,
439 1383 537 1415 robur
559 1393 672 1424 meum,

225 1429 444 1461 Protectorem
468 1431 570 1462 solum
596 1431 698 1463 Deum

224 1476 271 1507 Te
296 1477 405 1517 adoro,
432 1478 521 1510 salva
546 1488 643 1522 reum⁷

224 1523 274 1555 Ne
301 1524 450 1557 devincat
473 1525 573 1557 hostis
599 1535 679 1561 oum.

851 1170 882 1202 3.
911 1170 990 1210 Ave,
1017 1170 1099 1213 1esu,
1126 1169 1184 1203 flos
1208 1172 1348 1212 honoris.

909 1217 1015 1249 Decor
1039 1219 1141 1250 omnis
1166 1221 1201 1250 tu
1230 1220 1365 1261 decoris,

911 1265 1010 1304 Quem
1036 1266 1215 1299 circumdat
1235 1268 1284 1299 vis
1311 1268 1442 1309 doloris,

910 1312 965 1343 Me
989 1311 1095 1345 foveto
1122 1315 1245 1346 cunctis
1271 1316 1368 1348 horis.

875 1413 881 1418 .
909 1389 988 1427 Ave,
1015 1389 1112 1430 salus,
1139 1399 1233 1430 quam
1258 1395 1411 1435 tenemus,

909 1434 1011 1467 Aufer
1036 1437 1131 1479 mala,
1160 1447 1241 1478 quae
1266 1440 1425 1480 timemus,

907 1482 953 1515 Ut
976 1487 1018 1524 te,
1045 1485 1128 1527 lesu,
1158 1484 1219 1525 fac,
1246 1496 1387 1520 amemus

907 1530 945 1562 In
970 1534 1134 1563 aeternum
1161 1536 1193 1564 et
1218 1534 1395 1569 laudemus.

489 1603 521 1634 5.
548 1603 631 1645 Avo,
658 1604 731 1636 Iesu
757 1613 795 1636 ac
820 1605 952 1646 dignare

542 1650 599 1682 Me
624 1651 799 1684 bellantem
825 1653 988 1695 adiuvare,

543 1698 678 1730 Hostem
705 1700 825 1738 possim
849 1704 885 1732 ut
909 1700 1021 1742 fugare

542 1744 622 1777 Eius
649 1755 777 1786 gressus
803 1749 1021 1788 supplantare.

220 1816 306 1844 Anal.
327 1817 381 1852 ΙΙΙ,
406 1816 458 1845 171
474 1827 517 1854 sq.
539 1834 577 1838 —
598 1821 669 1848 Dies
684 1821 760 1849 Lied
780 1822 855 1850 fehlt
873 1824 906 1850 in
926 1824 981 1852 den
1001 1826 1193 1856 Lilienfelder
1213 1829 1461 1870 Handscliriften3

145 1854 192 1882 die
212 1854 381 1891 Abfassung
402 1856 554 1885 desselben
574 1858 664 1886 durch
687 1859 860 1889 Christanus
881 1863 954 1890 wird
973 1864 1057 1892 indes
1078 1865 1170 1893 durch
1191 1867 1293 1896 diesen
1314 1870 1462 1900 Umstand

144 1892 228 1920 nicht
247 1894 497 1929 ausgescfflossen,
520 1895 557 1923 da
578 1896 625 1924 (lie
646 1898 781 1926 absolute
794 1899 1047 1938 Vollstiindigkeit
1065 1912 1126 1931 von
1140 1905 1166 1932 A
1190 1909 1392 1937 unerweisbar
1412 1912 1462 1939 ist.

696 2001 726 2031 4.
758 2000 801 2032 De
820 2001 909 2034 Filio.

153 2065 183 2097 1.
210 2063 295 2107 Iesu,
322 2076 390 2107 ave,
418 2067 473 2100 fax
498 2070 625 2110 amoris,

256 2114 368 2146 Dulcis
392 2117 582 2157 recordatio,

210 2161 313 2194 Melos
339 2164 438 2203 auris,
465 2163 557 2196 favus
583 2166 659 2200 oris.

259 2209 373 2243 Cordis
398 2211 553 2255 iubilatio,

210 2256 360 2290 Solamen
386 2260 449 2291 mei
472 2261 638 2300 maeroriS,

255 2305 331 2338 Mea
357 2308 539 2351 exsultat-io,

209 2352 349 2386 Humani
375 2364 497 2388 merces
522 2356 642 2389 laboris

258 2402 317 2442 Tu,
344 2403 386 2435 ad
411 2406 443 2436 te
468 2403 626 2446 confugio.

840 2076 871 2107 2.
900 2071 972 2115 Eia,
999 2075 1082 2116 Iesu,
1109 2086 1222 2110 nomen
1249 2083 1386 2124 gratum,

946 2122 1038 2155 Finis
1063 2128 1096 2156 et
1119 2127 1325 2172 principium,

899 2171 1023 2203 Nomen
1048 2177 1192 2206 sanctum
1219 2179 1252 2207 et
1274 2176 1412 2219 beatum,

947 2219 1117 2259 Complens
1143 2223 1348 2266 desiderium.

897 2265 1101 2301 Medicamen
1127 2270 1297 2304 delicatum

944 2314 1034 2347 Dans
1061 2317 1174 2350 salutis
1200 2321 1360 2365 gaudium,

898 2361 1010 2394 Finem
1038 2364 1156 2398 bonum
1182 2370 1213 2398 et
1237 2372 1393 2414 optatum,

945 2410 1077 2444 Palmae
1101 2419 1234 2454 praesta
1260 2417 1419 2454 bravium.
