1651 2700
712 156 951 193 „64-

178 256 220 290 V.
252 256 314 289 Dei
335 256 454 288 transit
477 255 581 296 gratia

297 304 377 337 Mox
401 304 551 344 pusillam

299 352 339 385 In
364 351 505 384 favillam

248 401 372 433 Ferrea
396 401 541 431 materia.

197 487 230 519 3.
256 485 394 518 Satanae
419 484 587 524 xersutias‚

254 533 406 565 Carnales
428 532 587 572 nequitias

301 581 456 613 Erasmus
482 579 597 611 evertit

252 629 298 661 Et
320 628 419 668 signis
445 631 477 658 et
503 627 651 666 dogmate

254 676 353 715 Quam
376 675 486 716 plures
513 675 705 714 baptismate

302 722 354 754 Ad
380 722 542 755 Christum
568 721 736 753 convertit.

212 794 220 803 .
255 769 457 802 Admirando
482 769 588 800 studio

299 816 340 848 Se
362 824 493 848 severae

299 863 453 895 Sternunt
477 862 566 894 ferae

252 911 358 951 Ipsius
384 910 529 950 vestigio.

219 1021 226 1029 .
253 997 405 1036 Suspexit
429 996 471 1027 ad
496 996 636 1036 aethera,

255 1045 320 1077 Sua
345 1044 471 1083 quando
494 1043 598 1074 latera

301 1091 489 1122 Traduntur
514 1090 698 1130 plumbatis,

253 1139 343 1170 Inter
367 1139 417 1169 tot
440 1138 602 1177 angustias

253 1185 322 1217 Deo
349 1183 451 1216 refert
475 1185 596 1224 gratias

301 1233 421 1265 Pracco
446 1232 608 1271 veritatis3

213 1304 222 1313 .
255 1279 333 1312 Cum
355 1289 414 1319 pro
440 1279 562 1311 Christi
586 1279 684 1319 gloria

304 1327 542 1366 Tormentatur‚

304 1374 490 1407 Cumulatur

257 1422 295 1454 In
321 1422 392 1461 ipso
418 1421 550 1453 laetitia.

322 1555 367 1586 In
395 1556 426 1587 3.
454 1554 511 1586 No
524 1557 684 1589 cturno.

400 1639 446 1666 Ad
468 1639 598 1667 Cantica.

224 1723 232 1732 .
266 1698 462 1738 Transgredi
489 1707 558 1731 cum
584 1698 698 1739 potuit,

308 1745 478 1785 Nunquam
505 1749 554 1777 est
577 1749 795 1786 transgressus

257 1792 422 1833 Erasmus,
448 1796 485 1824 ut
507 1793 618 1832 voluit,

308 1840 419 1872 Caelos
445 1843 495 1872 est
518 1841 690 1881 ingressus.

396 1943 604 1980 Responsoria.

227 2036 234 2045 .
261 2011 415 2044 Erasmus
443 2021 510 2043 cum
538 2021 613 2053 rege
635 2013 720 2045 Iovis

262 2059 430 2099 Templum
452 2060 554 2091 intrat
578 2060 672 2092 bellis
697 2061 800 2103 novis,

311 2107 439 2139 Gemitu
466 2111 498 2139 et
521 2108 672 2148 precibus

261 2154 388 2186 1dolum
413 2164 488 2187 mox
513 2154 650 2188 fractum
677 2157 742 2188 ruit

260 2202 306 2234 Et
330 2203 541 2234 incineratum
567 2202 630 2235 fuit

313 2250 469 2282 Gentibus
495 2252 716 2295 stupentibus3

219 2323 226 2331 .
258 2298 310 2330 Ex
337 2308 397 2338 quo
424 2299 531 2331 statim
557 2301 684 2339 proruit

306 2346 414 2378 Draco
442 2347 541 2388 dirus,

309 2394 471 2436 spargens
497 2396 585 2427 virus

260 2443 356 2474 Viros
384 2443 500 2475 multos
526 2443 643 2477 necuit.

880 256 912 289 2.
938 254 1117 296 Infiguntur
1144 253 1252 294 digitis

936 302 1064 335 Erasini
1091 301 1245 334 antistitis

986 350 1126 383 Subulae
1149 350 1273 389 letales,

937 398 1035 438 Quem
1062 396 1263 430 circumdant
1288 392 1394 425 ferrea

937 445 1058 478 Tunica
1083 449 1115 477 et
1137 445 1230 485 ignea

987 494 1056 526 Viri
1080 493 1252 532 bestiales;

866 541 905 576 V.
941 541 1002 574 Tot
1026 542 1112 573 inter
1135 539 1294 580 martyria

988 589 1085 622 Velut
1106 597 1206 629 agnus

988 637 1120 669 Praesul
1144 644 1277 676 magnus

938 684 1010 717 Stat
1034 684 1176 725 gaudens
1201 682 1348 715 victoria.

880 782 911 815 3.
938 780 1134 821 confregere
1159 778 1296 811 subdola

937 829 1017 861 Mox
1043 828 1179 869 gentiles
1203 826 1294 859 idola

985 876 1080 908 Miris
1105 875 1183 907 visis
1208 873 1308 905 tantis

936 923 983 955 Et
1006 923 1159 963 baptismi
1185 921 1291 962 gratia

939 971 1080 1004 Currant
1104 970 1147 1001 ad
1169 967 1333 1009 praesidia

987 1018 1107 1050 Summi
1134 1016 1346 1055 dominantis3

866 1066 906 1099 V.
940 1066 1093 1098 Exsultet
1117 1064 1264 1103 ecclesia,

988 1115 1067 1147 Cum
1094 1113 1258 1144 dementes

989 1161 1108 1193 Volant
1132 1163 1242 1200 gentes

940 1209 995 1241 Ad
1020 1208 1082 1240 Dei
1107 1206 1269 1247 obsequia.

883 1306 916 1339 4.
942 1304 1086 1345 Tyranni
1110 1302 1245 1342 imperio

945 1352 1023 1385 Cum
1049 1352 1203 1383 Erasmus
1230 1349 1338 1390 gladio

990 1399 1206 1438 Triumphans
1232 1397 1351 1439 finitur,

944 1448 1037 1480 Omni
1063 1447 1177 1487 dignus
1203 1445 1306 1485 gloria

943 1495 981 1527 In
1008 1494 1138 1526 caelesti
1165 1494 1254 1525 curia

993 1542 1116 1576 Gaudio
1142 1541 1281 1581 petitur3

874 1590 914 1623 V.
947 1590 1074 1622 'Victrix
1100 1589 1187 1621 ridet
1211 1589 1340 1631 veritas,

992 1637 1077 1669 Dum
1104 1635 1236 1668 confusa

992 1685 1037 1717 Et
1060 1685 1171 1717 delusa

944 1734 1042 1773 Regis
1068 1732 1184 1765 stridet
1211 1731 1335 1765 feritas,

1034 1886 1082 1919 In
1108 1885 1340 1918 Laudibus.

1089 1981 1286 2017 Antiphonae.

886 2061 916 2094 1.
947 2060 1097 2100 Regnans
1121 2059 1211 2091 Deus
1237 2059 1343 2091 induit

993 2108 1165 2140 Erasmum
1191 2107 1316 2150 decore,

949 2155 1031 2188 Nam
1054 2155 1089 2186 in
1113 2155 1234 2187 mundo
1261 2155 1377 2186 claruit

997 2203 1160 2235 Praesulis
1186 2203 1316 2236 honore.

891 2302 923 2334 2.
951 2300 1030 2333 Cum
1055 2300 1192 2332 Erasmo
1217 2301 1354 2333 Domino

998 2349 1072 2382 Una
1095 2348 1276 2392 iubilemus,

951 2396 1041 2429 Caeli
1067 2396 1137 2429 sine
1161 2398 1298 2431 termino

997 2444 1142 2485 Regnum
1167 2450 1202 2479 ut
1228 2448 1394 2481 intremus,
