1651 2700
672 153 720 158 —
773 136 838 172 109
887 158 935 163 —

543 231 575 263 5.
601 231 682 272 Ave,
709 242 781 265 mea
805 236 918 277 gloria,

647 279 672 312 Ο
701 289 789 322 cruX,
815 283 885 316 laus
913 289 1110 328 cunctorum,

596 327 650 359 Ad
675 337 711 360 se
735 332 837 363 traxit
863 334 970 365 omnia

645 376 708 408 Per
733 380 766 409 te
791 388 848 411 rex
876 381 1047 422 caelorum,

593 424 623 455 A
650 433 701 456 me
725 424 801 466 fuga
829 428 925 460 noxia

643 472 767 505 Cuncta
792 475 943 508 vitiorum

592 519 635 551 Et
660 530 711 553 me
733 522 781 553 sic
805 524 846 556 ad
872 525 993 564 gaudia

642 569 774 601 Gonduo
799 572 1002 611 gaudiorum.

204 627 231 654 A.
251 627 301 655 fol.
326 627 377 656 lb.
401 644 436 648 —
458 631 558 669 Yergl.
581 633 667 662 Anal.
688 635 745 663 111.
767 634 823 664 174
843 646 887 675 sq.

533 726 575 757 10.
604 727 640 758 ln
660 728 905 763 Resurrectione
926 732 1057 764 Domini.

140 791 169 825 1.
198 793 279 835 Ave,
306 795 391 835 Iesu,
419 796 473 836 qui
498 801 649 837 potenter
835 805 867 836 3.
892 804 974 845 Ave,
999 805 1083 846 Iesu,
1110 807 1163 847 qui
1188 809 1224 838 ut
1248 807 1298 839 leo

247 842 361 874 Portas
388 842 511 885 frangis
536 845 632 878 inferi
941 851 1052 893 Surgis
1079 853 1131 886 die
1156 855 1252 887 tertio

197 889 444 932 Resurgensque
470 893 527 925 das
553 895 731 934 prudenter
892 899 1075 933 Suscitante
1100 905 1194 941 patre
1219 902 1288 934 Deo

248 937 391 980 Cunctis,
418 943 454 971 ut
478 941 544 973 sint
569 942 674 984 liberi,
939 948 986 980 Te
1013 949 1053 980 de
1077 953 1185 982 terrae
1210 951 1340 990 gremio,

195 985 242 1016 Te
267 995 394 1028 precor,
420 991 456 1019 ut
481 989 525 1020 sis
552 990 697 1023 volenter
888 995 975 1036 Ergo
1002 996 1071 1036 tibi,
1098 997 1182 1028 sicut
1206 1006 1296 1038 queo,

241 1034 368 1066 Memor
394 1036 457 1067 mei
482 1036 601 1075 miseri,
938 1044 1094 1084 supplico
1119 1045 1275 1084 propitio.

192 1080 275 1113 Nam
302 1082 342 1114 ab
371 1083 463 1115 hoste
488 1083 713 1118 fraudulenter
889 1090 934 1123 Ut
959 1091 1143 1123 miserearis
1170 1101 1225 1124 reo

238 1129 430 1169 Expavesco
458 1133 591 1166 conteri.
935 1138 1018 1170 Mihi
1042 1139 1075 1170 in
1101 1139 1232 1174 iudicio.

130 1196 161 1227 2.
188 1196 271 1235 Ave,
299 1197 384 1240 Iesu,
414 1206 484 1229 cum
514 1200 631 1231 decore
825 1205 858 1237 4.
885 1205 967 1245 Ave,
993 1206 1078 1246 Iesu,
1106 1207 1304 1247 resurgendo

236 1244 296 1284 Qui
323 1246 427 1285 surgis
454 1245 606 1288 feliciter,
929 1253 989 1291 Qui
1013 1257 1085 1286 tuos
1110 1253 1269 1286 laetificas

187 1290 301 1324 Gloria
326 1294 421 1325 simul
447 1294 569 1327 honore
882 1300 936 1343 Et,
964 1306 1001 1333 ut
1024 1300 1103 1334 fiant
1129 1304 1162 1334 te
1186 1303 1349 1343 sequendo

233 1339 349 1373 Fultus
375 1342 579 1385 mirabiliter,
931 1349 1077 1390 Veloces,
1103 1349 1270 1390 fortificaS‚

184 1387 246 1426 Da,
275 1391 311 1420 ut
334 1398 462 1430 surgam
491 1391 531 1423 de
554 1390 677 1424 foetore
881 1398 942 1438 Da,
968 1400 1004 1429 ut
1029 1398 1124 1430 velox
1149 1398 1363 1439 abstergendo

231 1437 362 1469 Peccati
386 1436 528 1471 finaliter
930 1445 996 1477 Sim
1024 1446 1136 1486 culpas
1163 1445 1311 1479 tabificas

183 1484 286 1516 Velox
313 1493 445 1518 currens
471 1487 504 1518 in
532 1488 632 1520 odore
879 1492 949 1525 Nec
974 1494 1033 1525 sim
1060 1494 1153 1535 piger
1178 1494 1376 1535 acquirendo

231 1533 301 1565 Tuo
326 1537 399 1573 post
425 1537 458 1566 te
484 1535 632 1570 dulciter.
929 1541 1071 1574 Virtutes
1097 1541 1261 1575 mirificas,

459 1606 490 1635 5.
518 1605 600 1645 Ave,
627 1606 711 1646 Iesu,
739 1608 793 1647 qui
821 1609 861 1640 de
886 1615 989 1640 morte

563 1652 675 1695 Surgis
698 1655 936 1696 immortaliter,

514 1701 620 1733 Multa
645 1702 784 1743 stipatus
812 1704 945 1738 cohorte

562 1748 753 1783 Sanctorum
778 1752 943 1793 nobiliter,

512 1796 573 1838 Da,
600 1801 636 1829 ut
657 1799 723 1831 sint
748 1804 882 1840 apertae
904 1804 1019 1841 portae

558 1846 642 1877 Mihi
670 1848 751 1880 caeli
775 1849 906 1890 iugiter,

510 1893 576 1927 Ubi
602 1895 635 1927 in
661 1899 845 1929 sanctorum
873 1901 961 1930 sorte

559 1942 725 1977 Gaudeam
752 1946 952 1985 perenniter.

177 1986 204 2013 A
224 1986 275 2014 fol.
299 1985 348 2015 la.

535 2047 572 2078 ll.
603 2047 639 2078 ln
659 2049 849 2081 Ast-ensione
870 2050 1003 2082 Domini.

111 2102 144 2136 1.
170 2105 253 2145 Ave,
280 2105 365 2147 Iesu,
393 2107 517 2147 gloriae
812 2113 844 2144 2.
871 2113 952 2156 Ave,
978 2113 1052 2145 lesu
1077 2115 1212 2154 propria

218 2153 368 2187 Summae
393 2155 586 2199 dominator,
920 2161 959 2193 Vi
984 2162 1037 2201 qui
1065 2163 1169 2194 caelos
1193 2163 1332 2205 scandis,

169 2202 230 2242 Qui
254 2203 405 2236 ascendis
427 2203 525 2236 hodie
868 2209 1026 2249 Torpenti
1053 2210 1177 2242 desidia

218 2249 332 2285 Caelos
357 2251 585 2295 triumphator,
915 2257 1040 2289 Mundo
1064 2257 1129 2290 iter
1152 2258 1280 2301 pandis,

166 2298 229 2342 Da,
257 2300 413 2333 scandam
439 2301 481 2334 ad
508 2303 622 2335 veniae
867 2305 972 2346 Dona,
997 2314 1039 2337 ne
1062 2314 1114 2337 me
1139 2306 1218 2338 vitia

217 2347 314 2387 Spem
341 2357 398 2390 ego
424 2354 586 2394 peccator,
916 2352 1076 2393 Copulent
1101 2352 1263 2396 nefandis,

166 2394 251 2427 Nam
276 2396 310 2428 in
335 2407 386 2429 me
413 2398 532 2431 cotidie
865 2401 930 2433 Sed
956 2402 996 2434 ad
1025 2402 1106 2434 caeli
1131 2403 1250 2443 gaudia

218 2444 412 2485 Triumphat
436 2449 623 2488 temptator.
914 2450 1075 2483 Scandam
1101 2459 1172 2483 cum
1198 2452 1375 2486 salvandis.
