1651 2700
688 148 950 184 —211—

166 235 198 269 3.
226 232 295 266 NOS
323 235 426 271 Deum
452 239 676 279 perquiramus
864 247 896 279 4.
925 246 993 279 Nos
1020 248 1089 281 Deo
1113 250 1341 292 supplicamus,

225 286 293 319 Nos
321 285 416 319 fratri
443 287 652 330 dimittentes,
923 296 971 328 Te
993 297 1156 337 supplices
1182 302 1340 340 roganteS,

229 334 421 368 Carceratos
445 335 619 370 liberemus
922 342 969 375 Te
993 343 1097 376 Deum
1125 354 1302 387 exoramuS‚

228 381 378 416 Infirmos
404 383 582 426 visitantes,
921 390 969 422 Te
994 393 1092 429 corde
1119 394 1344 437 deprecantes,

225 431 264 463 In
289 431 360 463 Deo
386 430 583 466 confidamus
920 438 967 471 Ut
990 442 1023 471 te
1047 450 1106 472 nos
1132 442 1308 483 videamus,

225 479 264 511 In
290 488 327 511 eo
353 489 411 512 nos
435 483 613 519 sperantes.
920 486 987 518 Nos
1013 486 1113 521 facias
1139 490 1325 529 gaudentes

605 558 652 590 38.
684 560 726 591 De
746 561 835 593 statu
855 562 1025 595 hominum.

160 608 191 641 1.
219 608 333 641 Nostri
361 610 438 642 anni
463 609 556 650 quasiv
579 610 693 643 umbra
856 616 889 648 5.
916 615 966 647 Sit
989 615 1092 648 virtus
1117 617 1149 649 in
1175 617 1344 651 iuvenibus

222 656 455 698 Labunturque
475 661 699 701 praetereunt⁷
915 663 960 695 Et
984 664 1026 696 sit
1052 664 1266 707 oboedientia,

222 704 323 737 Nulla
349 705 418 738 dies
443 705 536 738 nobis
562 707 710 749 pulchra,
914 711 1094 745 Prudentia
1118 713 1151 744 in
1178 714 1309 746 senibus

220 753 288 785 Iam
314 754 416 786 multa
439 754 526 786 mala
548 755 694 798 veniunt,
914 760 965 791 Ac
989 761 1080 800 ordo,
1105 762 1329 804 temperantia,

219 801 306 833 Raro
330 802 413 834 vivit
437 802 533 834 homo
557 803 644 835 ultra
915 807 988 840 Sint
1010 808 1046 840 hi
1071 810 1198 849 experti
1222 811 1375 852 moribus,

217 850 317 890 Quam
342 850 510 882 terminum
538 851 746 887 constituunt.
914 856 1081 897 Regantur
1104 857 1138 889 in
1160 857 1296 892 iustitia.

161 908 195 939 2.
221 907 328 939 Homo
353 908 478 940 iuvenis
503 909 644 941 laetatur
854 914 886 946 6.
913 913 997 946 Nam
1022 923 1120 946 senex
1146 914 1203 958 [si]
1228 925 1264 948 se
1288 917 1425 960 reducit,

221 955 367 988 Credens
393 965 494 988 annos
518 957 704 998 ascendere,
913 961 955 994 Se
980 971 1173 1003 cognoscens
1201 964 1383 1007 deliquisse,

219 1003 324 1035 Homo
350 1012 447 1036 senex
471 1004 533 1036 iam
560 1004 710 1038 turbatur
911 1009 962 1042 De
986 1011 1128 1050 peccatis
1153 1012 1223 1051 ipse
1247 1012 1308 1043 luit

221 1050 422 1092 Cognoscens
448 1061 484 1083 se
510 1052 719 1095 descendere,
911 1057 1031 1089 Dicens
1055 1062 1180 1098 tempus
1206 1059 1397 1103 perdidisse,

219 1099 447 1139 Unusquisque
470 1099 681 1141 confortatur,
912 1105 1016 1145 Saepe
1039 1106 1164 1137 iuvenis
1191 1107 1319 1139 excedit

216 1146 263 1179 Ut
286 1147 392 1186 possit
414 1147 510 1187 longe
534 1156 681 1188 pergere.
910 1152 984 1184 Non
1012 1153 1208 1197 111500111οῃ5,
1238 1155 1317 1194 quid
1342 1154 1468 1193 fecisse,

157 1204 188 1237 3.
218 1203 296 1236 Cum
323 1207 432 1236 manet
455 1204 549 1236 homo
574 1205 710 1249 iuvenis,
850 1211 881 1243 7.
909 1210 993 1242 Nam
1021 1214 1108 1243 certe
1135 1210 1182 1243 fui
1206 1212 1314 1244 iunior

214 1251 260 1283 Et
283 1252 337 1283 hic
361 1252 520 1284 iucundus
545 1257 721 1292 permanet,
907 1258 964 1290 Me
988 1258 1147 1291 inclinans
1172 1260 1332 1292 iuventuti

216 1299 266 1332 Sit
289 1300 360 1340 ipse
383 1300 483 1332 corde
508 1300 636 1344 nobilis,
906 1306 953 1338 Et
977 1305 1024 1338 fui
1050 1316 1113 1339 iam
1141 1308 1283 1341 deterior

215 1348 262 1381 Ut
286 1348 431 1388 prudens
456 1348 509 1380 hic
532 1349 724 1393 consideret,
906 1354 951 1386 Et
973 1355 1184 1388 recalcitrans
1208 1356 1333 1399 virtuti,

214 1395 264 1428 Sit
289 1394 394 1438 fortis,
420 1396 504 1438 pius,
531 1397 671 1441 humilis,
905 1402 1000 1434 Nunc
1025 1405 1142 1446 autem,
1172 1404 1226 1444 qui
1251 1413 1320 1436 sum
1344 1406 1461 1448 senior,

211 1443 258 1476 Ut
281 1444 332 1475 his
357 1445 501 1485 peccatis
527 1445 645 1480 obviet.
904 1451 974 1483 Iam
999 1451 1153 1484 submitto
1178 1460 1230 1484 me
1255 1453 1361 1486 saluti.

146 1503 180 1535 4.
206 1502 274 1534 Iam
300 1510 398 1534 senex
424 1511 488 1534 non
517 1503 559 1534 sit
584 1501 691 1536 fatuus
846 1509 877 1542 8.
905 1507 939 1541 Si
964 1508 1089 1541 iuvenis
1113 1510 1275 1551 intellegit

210 1549 275 1582 Sed
297 1550 422 1591 doctus,
447 1550 576 1593 docens,
595 1553 770 1595 corrigens,
902 1556 934 1588 A
960 1557 1048 1588 vitiis
1074 1566 1109 1589 se
1134 1558 1310 1599 abstinenS‚

209 1598 283 1630 Non
309 1601 401 1639 gerat
426 1599 511 1631 sicut
533 1601 688 1640 parvulus
904 1604 938 1637 Si
961 1604 1064 1637 Deum
1091 1605 1190 1639 corde
1214 1607 1321 1647 diligit

209 1646 464 1687 consideretque
487 1648 641 1687 moriens,
900 1653 946 1685 Et
971 1652 1067 1685 fratri
1093 1657 1142 1686 est
1167 1655 1376 1699 compatiens,

206 1694 380 1735 Exerceat,
408 1695 494 1735 quod
520 1696 673 1738 sanctius,
901 1701 970 1733 Iam
997 1702 1079 1733 vivit
1101 1702 1156 1734 hic
1179 1713 1246 1736 non
1271 1704 1444 1747 perimens,

211 1739 281 1787 [Et]
309 1743 351 1774 sit
374 1743 408 1774 in
431 1743 554 1775 cunctis
582 1744 729 1786 diligens,
899 1749 954 1782 Ad
979 1750 1084 1782 Deum
1109 1751 1172 1783 erit
1192 1752 1354 1792 gradiens,

481 1798 512 1830 9.
540 1796 618 1830 Cum
644 1800 734 1832 venit
758 1809 845 1834 mors
870 1802 922 1834 vel
948 1802 1055 1835 obitus

533 1846 572 1878 In
598 1847 770 1882 humanam
797 1853 988 1895 creaturam,

536 1894 621 1934 Quid
647 1897 777 1941 clamor,
806 1898 850 1931 ad
875 1899 954 1940 quid
980 1901 1128 1941 gemitus,

533 1942 618 1982 Quid
642 1945 836 1979 incurrimus
863 1948 1073 1989 pressuram?

533 1991 595 2024 Est
620 1994 703 2026 enim
730 1995 812 2028 ordo
838 1996 965 2038 50111115,

534 2040 617 2073 Ν3111
641 2051 812 2077 concessus
838 2053 901 2086 per
926 2048 1085 2079 naturam.

199 2087 227 2125 2,
250 2089 269 2118 2
289 2100 383 2120 annos
405 2093 555 2121 scandere.
576 2108 613 2113 —
633 2093 660 2127 4,
685 2093 700 2123 1
722 2097 813 2125 senis.
834 2112 873 2116 —
892 2095 919 2132 8,
941 2096 959 2125 5
980 2099 1065 2127 Nam.

450 2163 499 2194 39.
531 2163 670 2203 Hymnus
692 2165 730 2197 de
751 2165 957 2208 conceptione
976 2167 1010 2198 B.
1033 2167 1069 2198 Μ.
1090 2168 1127 2199 V.

137 2212 170 2245 1.
197 2213 247 2246 Tu
273 2220 429 2255 concepta
455 2216 628 2249 sanctitate
833 2221 865 2254 2.
892 2219 1056 2252 Divinitus
1083 2221 1250 2261 conceptio

194 2262 252 2307 Es,
280 2263 382 2307 virgo,
410 2264 480 2296 sine
506 2265 596 2308 vitio,
891 2267 970 2300 Fuit
994 2268 1121 2300 Mariae
1145 2269 1280 2310 virginis

194 2311 352 2355 Puritate,
381 2312 517 2345 caritate
892 2315 1103 2357 Supernaque
1128 2318 1283 2361 provisio,

194 2359 312 2393 Creata
336 2370 356 2393 a
379 2361 552 2406 principio,
891 2365 939 2398 Ut
964 2368 1049 2396 esset
1071 2365 1179 2398 lumen
1204 2367 1334 2399 luminis

192 2408 242 2440 Tu
269 2407 409 2442 formata
435 2410 585 2442 claritate
891 2412 1095 2454 Virtutisque
1118 2413 1278 2455 perfectio

194 2458 225 2489 A
251 2457 322 2490 Deo
348 2458 584 2498 potentissimo.
889 2461 959 2494 Iam
984 2462 1026 2494 ad
1052 2462 1189 2495 salutem
1216 2464 1362 2498 hominis.

1222 2519 1280 2548 14*
