<?xml version="1.0" encoding="UTF-8"?>
<!DOCTYPE html PUBLIC "-//W3C//DTD XHTML 1.0 Transitional//EN"
    "http://www.w3.org/TR/xhtml1/DTD/xhtml1-transitional.dtd">
<html xmlns="http://www.w3.org/1999/xhtml" xml:lang="en" lang="en">
 <head>
  <title>
</title>
<meta http-equiv="Content-Type" content="text/html;charset=utf-8" />
  <meta name='ocr-system' content='tesseract 3.04.00' />
  <meta name='ocr-capabilities' content='ocr_page ocr_carea ocr_par ocr_line ocrx_word'/>
</head>
<body>
  <div class='ocr_page' id='page_1' title='image "./analectahymnica41drevuoft_00042.png"; bbox 0 0 1651 2700; ppageno 0'>
   <div class='ocr_carea' id='block_1_1' title="bbox 720 111 958 146">
    <p class='ocr_par' dir='ltr' id='par_1_1' title="bbox 720 111 958 146">
     <span class='ocr_line' id='line_1_1' title="bbox 720 111 958 146; baseline -0.008 -9"><span class='ocrx_word' id='word_1_1' title='bbox 720 111 958 146; x_wconf 74' lang='lat'>-39—</span> 
     </span>
    </p>
   </div>
   <div class='ocr_carea' id='block_1_2' title="bbox 209 205 665 384">
    <p class='ocr_par' dir='ltr' id='par_1_2' title="bbox 209 205 636 343">
     <span class='ocr_line' id='line_1_2' title="bbox 209 205 627 247; baseline 0.002 -10"><span class='ocrx_word' id='word_1_2' title='bbox 209 230 216 238; x_wconf 94' lang='lat'>.</span> <span class='ocrx_word' id='word_1_3' title='bbox 252 205 438 247; x_wconf 83' lang='lat' dir='ltr'>Quicunque</span> <span class='ocrx_word' id='word_1_4' title='bbox 463 215 498 238; x_wconf 90' lang='lat' dir='ltr'>se</span> <span class='ocrx_word' id='word_1_5' title='bbox 521 206 627 239; x_wconf 86' lang='lat' dir='ltr'>reficit</span> 
     </span>
     <span class='ocr_line' id='line_1_3' title="bbox 297 254 605 295; baseline 0.003 -10"><span class='ocrx_word' id='word_1_6' title='bbox 297 254 379 287; x_wconf 91' lang='lat' dir='ltr'>Vivo</span> <span class='ocrx_word' id='word_1_7' title='bbox 406 255 486 287; x_wconf 88' lang='lat' dir='ltr'>caeli</span> <span class='ocrx_word' id='word_1_8' title='bbox 511 264 605 295; x_wconf 88' lang='lat' dir='ltr'>pane,</span> 
     </span>
     <span class='ocr_line' id='line_1_4' title="bbox 250 302 636 343; baseline 0 -9"><span class='ocrx_word' id='word_1_9' title='bbox 250 302 313 335; x_wconf 90' lang='lat' dir='ltr'>Ille</span> <span class='ocrx_word' id='word_1_10' title='bbox 337 312 499 343; x_wconf 86' lang='lat' dir='ltr'>nunquam</span> <span class='ocrx_word' id='word_1_11' title='bbox 526 302 636 335; x_wconf 89' lang='lat' dir='ltr'>deficit</span> 
     </span>
    </p>

    <p class='ocr_par' dir='ltr' id='par_1_3' title="bbox 297 351 665 384">
     <span class='ocr_line' id='line_1_5' title="bbox 297 351 665 384; baseline 0 -1"><span class='ocrx_word' id='word_1_12' title='bbox 297 351 418 384; x_wconf 86' lang='lat' dir='ltr'><strong>Vivens</strong></span> <span class='ocrx_word' id='word_1_13' title='bbox 442 351 476 382; x_wconf 89' lang='lat' dir='ltr'>in</span> <span class='ocrx_word' id='word_1_14' title='bbox 500 359 552 383; x_wconf 89' lang='lat' dir='ltr'>me</span> <span class='ocrx_word' id='word_1_15' title='bbox 577 359 665 383; x_wconf 89' lang='lat' dir='ltr'>sane.</span> 
     </span>
    </p>
   </div>
   <div class='ocr_carea' id='block_1_3' title="bbox 211 417 732 786">
    <p class='ocr_par' dir='ltr' id='par_1_4' title="bbox 218 417 732 450">
     <span class='ocr_line' id='line_1_6' title="bbox 218 417 732 450; baseline -0.002 0"><span class='ocrx_word' id='word_1_16' title='bbox 218 442 226 450; x_wconf 92' lang='lat'>.</span> <span class='ocrx_word' id='word_1_17' title='bbox 253 418 327 450; x_wconf 85' lang='lat' dir='ltr'>Non</span> <span class='ocrx_word' id='word_1_18' title='bbox 354 419 482 450; x_wconf 88' lang='lat' dir='ltr'>dentem</span> <span class='ocrx_word' id='word_1_19' title='bbox 508 418 566 450; x_wconf 89' lang='lat' dir='ltr'>sed</span> <span class='ocrx_word' id='word_1_20' title='bbox 593 417 732 450; x_wconf 87' lang='lat' dir='ltr'>animum</span> 
     </span>
    </p>

    <p class='ocr_par' dir='ltr' id='par_1_5' title="bbox 253 465 694 555">
     <span class='ocr_line' id='line_1_7' title="bbox 253 465 688 499; baseline -0.005 0"><span class='ocrx_word' id='word_1_21' title='bbox 253 466 308 499; x_wconf 91' lang='lat' dir='ltr'>Ad</span> <span class='ocrx_word' id='word_1_22' title='bbox 334 466 523 498; x_wconf 89' lang='lat' dir='ltr'>sumendum</span> <span class='ocrx_word' id='word_1_23' title='bbox 553 465 688 498; x_wconf 90' lang='lat' dir='ltr'>azimum</span> 
     </span>
     <span class='ocr_line' id='line_1_8' title="bbox 305 515 694 555; baseline -0.003 -9"><span class='ocrx_word' id='word_1_24' title='bbox 305 515 426 547; x_wconf 88' lang='lat' dir='ltr'>Panem</span> <span class='ocrx_word' id='word_1_25' title='bbox 451 522 694 555; x_wconf 83' lang='lat' dir='ltr'>praeparemus,</span> 
     </span>
    </p>

    <p class='ocr_par' dir='ltr' id='par_1_6' title="bbox 252 560 605 594">
     <span class='ocr_line' id='line_1_9' title="bbox 252 560 605 594; baseline -0.003 0"><span class='ocrx_word' id='word_1_26' title='bbox 252 562 355 594; x_wconf 90' lang='lat' dir='ltr'>Istum</span> <span class='ocrx_word' id='word_1_27' title='bbox 380 560 447 593; x_wconf 89' lang='lat' dir='ltr'>fide</span> <span class='ocrx_word' id='word_1_28' title='bbox 472 562 605 594; x_wconf 89' lang='lat' dir='ltr'>credula</span> 
     </span>
    </p>

    <p class='ocr_par' dir='ltr' id='par_1_7' title="bbox 250 609 654 698">
     <span class='ocr_line' id='line_1_10' title="bbox 250 609 632 649; baseline 0.003 -8"><span class='ocrx_word' id='word_1_29' title='bbox 250 609 359 649; x_wconf 83' lang='lat' dir='ltr'>Atque</span> <span class='ocrx_word' id='word_1_30' title='bbox 383 611 493 641; x_wconf 88' lang='lat' dir='ltr'>mente</span> <span class='ocrx_word' id='word_1_31' title='bbox 517 609 632 642; x_wconf 86' lang='lat' dir='ltr'>sedula</span> 
     </span>
     <span class='ocr_line' id='line_1_11' title="bbox 302 657 654 698; baseline -0.003 -8"><span class='ocrx_word' id='word_1_32' title='bbox 302 657 415 690; x_wconf 86' lang='lat' dir='ltr'>Cibum</span> <span class='ocrx_word' id='word_1_33' title='bbox 442 657 654 698; x_wconf 80' lang='lat' dir='ltr'>ruminemus3</span> 
     </span>
    </p>

    <p class='ocr_par' dir='ltr' id='par_1_8' title="bbox 211 704 634 746">
     <span class='ocr_line' id='line_1_12' title="bbox 211 704 634 746; baseline -0.007 -6"><span class='ocrx_word' id='word_1_34' title='bbox 211 732 219 740; x_wconf 92' lang='lat'>.</span> <span class='ocrx_word' id='word_1_35' title='bbox 256 706 325 738; x_wconf 88' lang='lat' dir='ltr'>Iste</span> <span class='ocrx_word' id='word_1_36' title='bbox 348 706 442 746; x_wconf 87' lang='lat' dir='ltr'>panis</span> <span class='ocrx_word' id='word_1_37' title='bbox 468 704 634 738; x_wconf 85' lang='lat' dir='ltr'>sensificat</span> 
     </span>
    </p>

    <p class='ocr_par' dir='ltr' id='par_1_9' title="bbox 255 752 726 786">
     <span class='ocr_line' id='line_1_13' title="bbox 255 752 726 786; baseline 0 0"><span class='ocrx_word' id='word_1_38' title='bbox 255 753 318 786; x_wconf 93' lang='lat' dir='ltr'>Cor</span> <span class='ocrx_word' id='word_1_39' title='bbox 343 757 489 786; x_wconf 86' lang='lat' dir='ltr'>nostrum</span> <span class='ocrx_word' id='word_1_40' title='bbox 516 757 549 785; x_wconf 91' lang='lat' dir='ltr'>et</span> <span class='ocrx_word' id='word_1_41' title='bbox 572 752 726 786; x_wconf 86' lang='lat' dir='ltr'>vivificat.</span> 
     </span>
    </p>
   </div>
   <div class='ocr_carea' id='block_1_4' title="bbox 312 839 676 873">
    <p class='ocr_par' dir='ltr' id='par_1_10' title="bbox 312 839 676 873">
     <span class='ocr_line' id='line_1_14' title="bbox 312 839 676 873; baseline 0 -1"><span class='ocrx_word' id='word_1_42' title='bbox 312 840 360 872; x_wconf 91' lang='lat' dir='ltr'>In</span> <span class='ocrx_word' id='word_1_43' title='bbox 385 841 417 873; x_wconf 84' lang='lat'>3.</span> <span class='ocrx_word' id='word_1_44' title='bbox 444 839 676 872; x_wconf 86' lang='lat' dir='ltr'>Nocturno.</span> 
     </span>
    </p>
   </div>
   <div class='ocr_carea' id='block_1_5' title="bbox 396 915 596 943">
    <p class='ocr_par' dir='ltr' id='par_1_11' title="bbox 396 915 596 943">
     <span class='ocr_line' id='line_1_15' title="bbox 396 915 596 943; baseline 0 0"><span class='ocrx_word' id='word_1_45' title='bbox 396 916 442 943; x_wconf 82' lang='lat' dir='ltr'>Ad</span> <span class='ocrx_word' id='word_1_46' title='bbox 464 915 596 943; x_wconf 75' lang='lat' dir='ltr'>Cantica.</span> 
     </span>
    </p>
   </div>
   <div class='ocr_carea' id='block_1_6' title="bbox 214 965 682 1140">
    <p class='ocr_par' dir='ltr' id='par_1_12' title="bbox 214 965 630 1053">
     <span class='ocr_line' id='line_1_16' title="bbox 214 965 583 997; baseline -0.003 0"><span class='ocrx_word' id='word_1_47' title='bbox 214 989 221 997; x_wconf 94' lang='lat'>.</span> <span class='ocrx_word' id='word_1_48' title='bbox 258 965 349 997; x_wconf 87' lang='lat' dir='ltr'>Pane</span> <span class='ocrx_word' id='word_1_49' title='bbox 372 965 458 997; x_wconf 81' lang='lat' dir='ltr'>vitae</span> <span class='ocrx_word' id='word_1_50' title='bbox 483 965 583 997; x_wconf 88' lang='lat' dir='ltr'>alitur</span> 
     </span>
     <span class='ocr_line' id='line_1_17' title="bbox 303 1013 630 1053; baseline 0 -9"><span class='ocrx_word' id='word_1_51' title='bbox 303 1013 411 1053; x_wconf 84' lang='lat' dir='ltr'>Atque</span> <span class='ocrx_word' id='word_1_52' title='bbox 435 1013 630 1052; x_wconf 79' lang='lat' dir='ltr'>intellectus,</span> 
     </span>
    </p>

    <p class='ocr_par' dir='ltr' id='par_1_13' title="bbox 252 1059 682 1140">
     <span class='ocr_line' id='line_1_18' title="bbox 252 1059 602 1101; baseline 0 -9"><span class='ocrx_word' id='word_1_53' title='bbox 252 1060 340 1092; x_wconf 88' lang='lat' dir='ltr'>Vera</span> <span class='ocrx_word' id='word_1_54' title='bbox 364 1059 430 1092; x_wconf 90' lang='lat' dir='ltr'>fide</span> <span class='ocrx_word' id='word_1_55' title='bbox 453 1061 602 1101; x_wconf 87' lang='lat' dir='ltr'>pascitur</span> 
     </span>
     <span class='ocr_line' id='line_1_19' title="bbox 300 1107 682 1140; baseline -0.003 0"><span class='ocrx_word' id='word_1_56' title='bbox 300 1107 378 1140; x_wconf 90' lang='lat' dir='ltr'>Cum</span> <span class='ocrx_word' id='word_1_57' title='bbox 403 1112 515 1140; x_wconf 86' lang='lat' dir='ltr'>noster</span> <span class='ocrx_word' id='word_1_58' title='bbox 540 1107 682 1140; x_wconf 85' lang='lat' dir='ltr'>affectus.</span> 
     </span>
    </p>
   </div>
   <div class='ocr_carea' id='block_1_7' title="bbox 213 1174 662 1738">
    <p class='ocr_par' dir='ltr' id='par_1_14' title="bbox 393 1174 605 1209">
     <span class='ocr_line' id='line_1_20' title="bbox 393 1174 605 1209; baseline 0 -8"><span class='ocrx_word' id='word_1_59' title='bbox 393 1174 605 1209; x_wconf 83' lang='lat' dir='ltr'>Responsoria.</span> 
     </span>
    </p>

    <p class='ocr_par' dir='ltr' id='par_1_15' title="bbox 217 1222 656 1312">
     <span class='ocr_line' id='line_1_21' title="bbox 217 1222 656 1263; baseline 0 -9"><span class='ocrx_word' id='word_1_60' title='bbox 217 1247 224 1254; x_wconf 96' lang='lat'>.</span> <span class='ocrx_word' id='word_1_61' title='bbox 256 1223 390 1256; x_wconf 88' lang='lat' dir='ltr'>Devotis</span> <span class='ocrx_word' id='word_1_62' title='bbox 416 1223 470 1263; x_wconf 89' lang='lat' dir='ltr'>qui</span> <span class='ocrx_word' id='word_1_63' title='bbox 496 1222 656 1255; x_wconf 87' lang='lat' dir='ltr'>mentibus</span> 
     </span>
     <span class='ocr_line' id='line_1_22' title="bbox 300 1270 608 1312; baseline 0 -10"><span class='ocrx_word' id='word_1_64' title='bbox 300 1270 364 1303; x_wconf 87' lang='lat' dir='ltr'>Est</span> <span class='ocrx_word' id='word_1_65' title='bbox 387 1271 497 1304; x_wconf 87' lang='lat' dir='ltr'>vitalis</span> <span class='ocrx_word' id='word_1_66' title='bbox 524 1280 608 1312; x_wconf 88' lang='lat' dir='ltr'>esus,</span> 
     </span>
    </p>

    <p class='ocr_par' dir='ltr' id='par_1_16' title="bbox 249 1319 654 1401">
     <span class='ocr_line' id='line_1_23' title="bbox 249 1319 605 1360; baseline -0.006 -8"><span class='ocrx_word' id='word_1_67' title='bbox 249 1320 388 1360; x_wconf 81' lang='lat' dir='ltr'>Accepit</span> <span class='ocrx_word' id='word_1_68' title='bbox 415 1319 605 1351; x_wconf 70' lang='lat' dir='ltr'>cenantibus</span> 
     </span>
     <span class='ocr_line' id='line_1_24' title="bbox 301 1367 654 1401; baseline -0.008 0"><span class='ocrx_word' id='word_1_69' title='bbox 301 1369 421 1401; x_wconf 88' lang='lat' dir='ltr'>Panem</span> <span class='ocrx_word' id='word_1_70' title='bbox 445 1367 537 1399; x_wconf 87' lang='lat' dir='ltr'>illum</span> <span class='ocrx_word' id='word_1_71' title='bbox 565 1368 654 1399; x_wconf 91' lang='lat' dir='ltr'>Iesus</span> 
     </span>
    </p>

    <p class='ocr_par' dir='ltr' id='par_1_17' title="bbox 255 1415 633 1457">
     <span class='ocr_line' id='line_1_25' title="bbox 255 1415 633 1457; baseline -0.008 -8"><span class='ocrx_word' id='word_1_72' title='bbox 255 1417 426 1457; x_wconf 83' lang='lat' dir='ltr'>Porrigens</span> <span class='ocrx_word' id='word_1_73' title='bbox 453 1415 633 1457; x_wconf 81' lang='lat' dir='ltr'>discipulis,</span> 
     </span>
    </p>

    <p class='ocr_par' dir='ltr' id='par_1_18' title="bbox 252 1463 627 1550">
     <span class='ocr_line' id='line_1_26' title="bbox 252 1463 627 1505; baseline -0.005 -9"><span class='ocrx_word' id='word_1_74' title='bbox 252 1465 393 1505; x_wconf 78' lang='lat' dir='ltr'>Quisque</span> <span class='ocrx_word' id='word_1_75' title='bbox 414 1463 497 1496; x_wconf 86' lang='lat' dir='ltr'>vivis</span> <span class='ocrx_word' id='word_1_76' title='bbox 524 1463 627 1503; x_wconf 88' lang='lat' dir='ltr'>epulis</span> 
     </span>
     <span class='ocr_line' id='line_1_27' title="bbox 300 1511 581 1550; baseline -0.014 -4"><span class='ocrx_word' id='word_1_77' title='bbox 300 1513 347 1547; x_wconf 86' lang='lat' dir='ltr'>Ut</span> <span class='ocrx_word' id='word_1_78' title='bbox 370 1511 429 1544; x_wconf 87' lang='lat' dir='ltr'>fiat</span> <span class='ocrx_word' id='word_1_79' title='bbox 455 1511 581 1550; x_wconf 84' lang='lat' dir='ltr'>obesus,</span> 
     </span>
    </p>

    <p class='ocr_par' dir='ltr' id='par_1_19' title="bbox 213 1558 640 1642">
     <span class='ocr_line' id='line_1_28' title="bbox 213 1558 639 1594; baseline -0.007 -1"><span class='ocrx_word' id='word_1_80' title='bbox 213 1586 221 1594; x_wconf 95' lang='lat'>.</span> <span class='ocrx_word' id='word_1_81' title='bbox 253 1561 299 1593; x_wconf 86' lang='lat' dir='ltr'>Et</span> <span class='ocrx_word' id='word_1_82' title='bbox 324 1561 425 1593; x_wconf 84' lang='lat' dir='ltr'>dixit:</span> <span class='ocrx_word' id='word_1_83' title='bbox 452 1560 514 1592; x_wconf 89' lang='lat' dir='ltr'>hoe</span> <span class='ocrx_word' id='word_1_84' title='bbox 540 1558 639 1592; x_wconf 88' lang='lat' dir='ltr'>facite</span> 
     </span>
     <span class='ocr_line' id='line_1_29' title="bbox 301 1608 640 1642; baseline -0.009 0"><span class='ocrx_word' id='word_1_85' title='bbox 301 1610 339 1642; x_wconf 90' lang='lat' dir='ltr'>In</span> <span class='ocrx_word' id='word_1_86' title='bbox 364 1609 428 1640; x_wconf 89' lang='lat' dir='ltr'>mei</span> <span class='ocrx_word' id='word_1_87' title='bbox 453 1608 640 1640; x_wconf 84' lang='lat' dir='ltr'>memoriam</span> 
     </span>
    </p>

    <p class='ocr_par' dir='ltr' id='par_1_20' title="bbox 255 1656 662 1738">
     <span class='ocr_line' id='line_1_30' title="bbox 255 1656 570 1691; baseline -0.01 -1"><span class='ocrx_word' id='word_1_88' title='bbox 255 1657 433 1691; x_wconf 82' lang='lat' dir='ltr'>offerentes</span> <span class='ocrx_word' id='word_1_89' title='bbox 461 1656 570 1688; x_wconf 89' lang='lat' dir='ltr'>debite</span> 
     </span>
     <span class='ocr_line' id='line_1_31' title="bbox 303 1704 662 1738; baseline -0.011 0"><span class='ocrx_word' id='word_1_90' title='bbox 303 1705 485 1738; x_wconf 82' lang='lat' dir='ltr'>Salutarem</span> <span class='ocrx_word' id='word_1_91' title='bbox 512 1704 662 1736; x_wconf 79' lang='lat' dir='ltr'>hostiam.</span> 
     </span>
    </p>
   </div>
   <div class='ocr_carea' id='block_1_8' title="bbox 213 1771 747 2146">
    <p class='ocr_par' dir='ltr' id='par_1_21' title="bbox 213 1771 747 2146">
     <span class='ocr_line' id='line_1_32' title="bbox 220 1771 596 1806; baseline -0.011 0"><span class='ocrx_word' id='word_1_92' title='bbox 220 1798 228 1806; x_wconf 89' lang='lat'>.</span> <span class='ocrx_word' id='word_1_93' title='bbox 254 1773 375 1805; x_wconf 87' lang='lat' dir='ltr'>Panem</span> <span class='ocrx_word' id='word_1_94' title='bbox 400 1772 433 1804; x_wconf 89' lang='lat' dir='ltr'>in</span> <span class='ocrx_word' id='word_1_95' title='bbox 458 1771 596 1803; x_wconf 87' lang='lat' dir='ltr'>meridie</span> 
     </span>
     <span class='ocr_line' id='line_1_33' title="bbox 305 1818 747 1859; baseline -0.007 -5"><span class='ocrx_word' id='word_1_96' title='bbox 305 1820 383 1854; x_wconf 90' lang='lat' dir='ltr'>Cum</span> <span class='ocrx_word' id='word_1_97' title='bbox 408 1820 523 1859; x_wconf 89' lang='lat' dir='ltr'>loseph</span> <span class='ocrx_word' id='word_1_98' title='bbox 551 1818 747 1851; x_wconf 86' lang='lat' dir='ltr'>comedimus</span> 
     </span>
     <span class='ocr_line' id='line_1_34' title="bbox 350 1868 666 1905; baseline -0.013 -3"><span class='ocrx_word' id='word_1_99' title='bbox 350 1869 467 1902; x_wconf 89' lang='lat' dir='ltr'>Mundi</span> <span class='ocrx_word' id='word_1_100' title='bbox 493 1868 666 1905; x_wconf 82' lang='lat' dir='ltr'>salvatore,</span> 
     </span>
     <span class='ocr_line' id='line_1_35' title="bbox 254 1915 643 1951; baseline -0.01 0"><span class='ocrx_word' id='word_1_101' title='bbox 254 1918 308 1951; x_wconf 87' lang='lat' dir='ltr'>Sic</span> <span class='ocrx_word' id='word_1_102' title='bbox 334 1917 497 1951; x_wconf 81' lang='lat' dir='ltr'>Christum</span> <span class='ocrx_word' id='word_1_103' title='bbox 524 1915 643 1948; x_wconf 84' lang='lat' dir='ltr'>cotidie</span> 
     </span>
     <span class='ocr_line' id='line_1_36' title="bbox 300 1964 691 2000; baseline -0.013 0"><span class='ocrx_word' id='word_1_104' title='bbox 300 1968 388 2000; x_wconf 85' lang='lat' dir='ltr'>Pura</span> <span class='ocrx_word' id='word_1_105' title='bbox 407 1969 513 1997; x_wconf 87' lang='lat' dir='ltr'>mente</span> <span class='ocrx_word' id='word_1_106' title='bbox 538 1964 691 1996; x_wconf 88' lang='lat' dir='ltr'>sumimus</span> 
     </span>
     <span class='ocr_line' id='line_1_37' title="bbox 354 2013 674 2054; baseline -0.009 -7"><span class='ocrx_word' id='word_1_107' title='bbox 354 2013 540 2048; x_wconf 87' lang='lat' dir='ltr'>Christiano</span> <span class='ocrx_word' id='word_1_108' title='bbox 566 2021 674 2054; x_wconf 82' lang='lat' dir='ltr'>more3</span> 
     </span>
     <span class='ocr_line' id='line_1_38' title="bbox 213 2061 732 2104; baseline -0.012 -6"><span class='ocrx_word' id='word_1_109' title='bbox 213 2090 222 2099; x_wconf 95' lang='lat'>.</span> <span class='ocrx_word' id='word_1_110' title='bbox 255 2063 320 2096; x_wconf 88' lang='lat' dir='ltr'>Hic</span> <span class='ocrx_word' id='word_1_111' title='bbox 342 2063 435 2104; x_wconf 88' lang='lat' dir='ltr'>panis</span> <span class='ocrx_word' id='word_1_112' title='bbox 461 2062 550 2094; x_wconf 88' lang='lat' dir='ltr'>venit</span> <span class='ocrx_word' id='word_1_113' title='bbox 577 2062 618 2094; x_wconf 90' lang='lat' dir='ltr'>de</span> <span class='ocrx_word' id='word_1_114' title='bbox 643 2061 732 2093; x_wconf 87' lang='lat' dir='ltr'>caelo</span> 
     </span>
     <span class='ocr_line' id='line_1_39' title="bbox 253 2109 736 2146; baseline -0.006 -1"><span class='ocrx_word' id='word_1_115' title='bbox 253 2111 424 2146; x_wconf 86' lang='lat' dir='ltr'>Frumenti</span> <span class='ocrx_word' id='word_1_116' title='bbox 450 2110 626 2143; x_wconf 88' lang='lat' dir='ltr'>absconsus</span> <span class='ocrx_word' id='word_1_117' title='bbox 653 2109 736 2142; x_wconf 88' lang='lat' dir='ltr'>velo.</span> 
     </span>
    </p>
   </div>
   <div class='ocr_carea' id='block_1_9' title="bbox 221 2177 707 2462">
    <p class='ocr_par' dir='ltr' id='par_1_22' title="bbox 221 2177 707 2412">
     <span class='ocr_line' id='line_1_40' title="bbox 221 2177 665 2220; baseline -0.014 -5"><span class='ocrx_word' id='word_1_118' title='bbox 221 2208 229 2216; x_wconf 91' lang='lat'>.</span> <span class='ocrx_word' id='word_1_119' title='bbox 256 2181 331 2214; x_wconf 89' lang='lat' dir='ltr'>Iesu</span> <span class='ocrx_word' id='word_1_120' title='bbox 356 2180 450 2220; x_wconf 88' lang='lat' dir='ltr'>panis</span> <span class='ocrx_word' id='word_1_121' title='bbox 474 2177 665 2216; x_wconf 84' lang='lat' dir='ltr'>fortificans,</span> 
     </span>
     <span class='ocr_line' id='line_1_41' title="bbox 255 2225 707 2263; baseline -0.015 0"><span class='ocrx_word' id='word_1_122' title='bbox 255 2227 458 2263; x_wconf 89' lang='lat' dir='ltr'>Confirmans</span> <span class='ocrx_word' id='word_1_123' title='bbox 483 2229 516 2259; x_wconf 88' lang='lat' dir='ltr'>et</span> <span class='ocrx_word' id='word_1_124' title='bbox 541 2225 707 2259; x_wconf 88' lang='lat' dir='ltr'>vivificans</span> 
     </span>
     <span class='ocr_line' id='line_1_42' title="bbox 302 2276 663 2315; baseline -0.014 -5"><span class='ocrx_word' id='word_1_125' title='bbox 302 2277 355 2310; x_wconf 89' lang='lat' dir='ltr'>Ab</span> <span class='ocrx_word' id='word_1_126' title='bbox 383 2276 469 2309; x_wconf 91' lang='lat' dir='ltr'>omni</span> <span class='ocrx_word' id='word_1_127' title='bbox 494 2276 663 2315; x_wconf 84' lang='lat' dir='ltr'>languore,</span> 
     </span>
     <span class='ocr_line' id='line_1_43' title="bbox 255 2323 638 2364; baseline -0.01 -6"><span class='ocrx_word' id='word_1_128' title='bbox 255 2325 342 2358; x_wconf 84' lang='lat' dir='ltr'>Sana</span> <span class='ocrx_word' id='word_1_129' title='bbox 366 2334 425 2357; x_wconf 93' lang='lat' dir='ltr'>nos</span> <span class='ocrx_word' id='word_1_130' title='bbox 450 2323 638 2364; x_wconf 82' lang='lat' dir='ltr'>salubriter,</span> 
     </span>
     <span class='ocr_line' id='line_1_44' title="bbox 256 2371 614 2412; baseline -0.014 -5"><span class='ocrx_word' id='word_1_131' title='bbox 256 2374 471 2408; x_wconf 85' lang='lat' dir='ltr'>Comedamus</span> <span class='ocrx_word' id='word_1_132' title='bbox 496 2371 614 2412; x_wconf 85' lang='lat' dir='ltr'>iugiter</span> 
     </span>
    </p>

    <p class='ocr_par' dir='ltr' id='par_1_23' title="bbox 304 2421 631 2462">
     <span class='ocr_line' id='line_1_45' title="bbox 304 2421 631 2462; baseline -0.012 -7"><span class='ocrx_word' id='word_1_133' title='bbox 304 2422 350 2455; x_wconf 92' lang='lat' dir='ltr'>Ut</span> <span class='ocrx_word' id='word_1_134' title='bbox 376 2425 407 2454; x_wconf 89' lang='lat' dir='ltr'>te</span> <span class='ocrx_word' id='word_1_135' title='bbox 433 2421 529 2462; x_wconf 85' lang='lat' dir='ltr'>pleno</span> <span class='ocrx_word' id='word_1_136' title='bbox 555 2428 631 2460; x_wconf 72' lang='lat' dir='ltr'>ore,</span> 
     </span>
    </p>
   </div>
   <div class='ocr_carea' id='block_1_10' title="bbox 870 208 1308 249">
    <p class='ocr_par' dir='ltr' id='par_1_24' title="bbox 870 208 1308 249">
     <span class='ocr_line' id='line_1_46' title="bbox 870 208 1308 249; baseline -0.002 -7"><span class='ocrx_word' id='word_1_137' title='bbox 870 209 909 242; x_wconf 92' lang='lat' dir='ltr'>V.</span> <span class='ocrx_word' id='word_1_138' title='bbox 943 208 1082 240; x_wconf 90' lang='lat' dir='ltr'>Domine</span> <span class='ocrx_word' id='word_1_139' title='bbox 1107 217 1164 240; x_wconf 87' lang='lat' dir='ltr'>nos</span> <span class='ocrx_word' id='word_1_140' title='bbox 1189 209 1308 249; x_wconf 86' lang='lat' dir='ltr'>pabulo</span> 
     </span>
    </p>
   </div>
   <div class='ocr_carea' id='block_1_11' title="bbox 943 256 1307 392">
    <p class='ocr_par' dir='ltr' id='par_1_25' title="bbox 943 256 1307 392">
     <span class='ocr_line' id='line_1_47' title="bbox 989 256 1307 297; baseline 0.006 -10"><span class='ocrx_word' id='word_1_141' title='bbox 989 256 1084 288; x_wconf 87' lang='lat' dir='ltr'>Vitae</span> <span class='ocrx_word' id='word_1_142' title='bbox 1109 256 1181 288; x_wconf 88' lang='lat' dir='ltr'>ciba</span> <span class='ocrx_word' id='word_1_143' title='bbox 1206 259 1307 297; x_wconf 85' lang='lat' dir='ltr'>grato,</span> 
     </span>
     <span class='ocr_line' id='line_1_48' title="bbox 943 304 1256 345; baseline -0.003 -8"><span class='ocrx_word' id='word_1_144' title='bbox 943 304 1074 345; x_wconf 84' lang='lat' dir='ltr'>Signato</span> <span class='ocrx_word' id='word_1_145' title='bbox 1100 304 1132 335; x_wconf 89' lang='lat' dir='ltr'>in</span> <span class='ocrx_word' id='word_1_146' title='bbox 1155 304 1256 336; x_wconf 86' lang='lat' dir='ltr'>vitulo</span> 
     </span>
     <span class='ocr_line' id='line_1_49' title="bbox 990 352 1261 392; baseline 0.007 -9"><span class='ocrx_word' id='word_1_147' title='bbox 990 352 1078 384; x_wconf 85' lang='lat' dir='ltr'>Bene</span> <span class='ocrx_word' id='word_1_148' title='bbox 1103 352 1261 392; x_wconf 83' lang='lat' dir='ltr'>saginato,</span> 
     </span>
    </p>
   </div>
   <div class='ocr_carea' id='block_1_12' title="bbox 908 418 1375 451">
    <p class='ocr_par' dir='ltr' id='par_1_26' title="bbox 908 418 1375 451">
     <span class='ocr_line' id='line_1_50' title="bbox 908 418 1375 451; baseline 0.002 -1"><span class='ocrx_word' id='word_1_149' title='bbox 908 443 915 450; x_wconf 93' lang='lat'>.</span> <span class='ocrx_word' id='word_1_150' title='bbox 944 418 1060 450; x_wconf 87' lang='lat' dir='ltr'>Panem</span> <span class='ocrx_word' id='word_1_151' title='bbox 1089 421 1120 450; x_wconf 91' lang='lat' dir='ltr'>et</span> <span class='ocrx_word' id='word_1_152' title='bbox 1144 427 1256 450; x_wconf 87' lang='lat' dir='ltr'>carnes</span> <span class='ocrx_word' id='word_1_153' title='bbox 1279 419 1375 451; x_wconf 88' lang='lat' dir='ltr'>Eliae</span> 
     </span>
    </p>
   </div>
   <div class='ocr_carea' id='block_1_13' title="bbox 941 466 1410 691">
    <p class='ocr_par' dir='ltr' id='par_1_27' title="bbox 944 466 1410 555">
     <span class='ocr_line' id='line_1_51' title="bbox 944 466 1410 506; baseline 0 -7"><span class='ocrx_word' id='word_1_154' title='bbox 944 466 1039 499; x_wconf 85' lang='lat' dir='ltr'>Corvi</span> <span class='ocrx_word' id='word_1_155' title='bbox 1066 468 1197 506; x_wconf 85' lang='lat' dir='ltr'>portant</span> <span class='ocrx_word' id='word_1_156' title='bbox 1222 466 1271 498; x_wconf 91' lang='lat' dir='ltr'>bis</span> <span class='ocrx_word' id='word_1_157' title='bbox 1296 467 1330 498; x_wconf 91' lang='lat' dir='ltr'>in</span> <span class='ocrx_word' id='word_1_158' title='bbox 1358 468 1410 499; x_wconf 88' lang='lat' dir='ltr'>die</span> 
     </span>
     <span class='ocr_line' id='line_1_52' title="bbox 993 513 1304 555; baseline 0.003 -10"><span class='ocrx_word' id='word_1_159' title='bbox 993 513 1068 546; x_wconf 86' lang='lat' dir='ltr'>Sine</span> <span class='ocrx_word' id='word_1_160' title='bbox 1092 514 1304 555; x_wconf 82' lang='lat' dir='ltr'>neglegentia,</span> 
     </span>
    </p>

    <p class='ocr_par' dir='ltr' id='par_1_28' title="bbox 945 562 1362 603">
     <span class='ocr_line' id='line_1_53' title="bbox 945 562 1362 603; baseline -0.002 -8"><span class='ocrx_word' id='word_1_161' title='bbox 945 562 1039 595; x_wconf 91' lang='lat' dir='ltr'>Omni</span> <span class='ocrx_word' id='word_1_162' title='bbox 1065 563 1118 594; x_wconf 91' lang='lat' dir='ltr'>die</span> <span class='ocrx_word' id='word_1_163' title='bbox 1142 562 1212 594; x_wconf 90' lang='lat' dir='ltr'>Deo</span> <span class='ocrx_word' id='word_1_164' title='bbox 1237 566 1362 603; x_wconf 85' lang='lat' dir='ltr'>gratum</span> 
     </span>
    </p>

    <p class='ocr_par' dir='ltr' id='par_1_29' title="bbox 941 610 1402 691">
     <span class='ocr_line' id='line_1_54' title="bbox 941 610 1402 650; baseline 0.002 -9"><span class='ocrx_word' id='word_1_165' title='bbox 941 611 1068 650; x_wconf 87' lang='lat' dir='ltr'>Agnum</span> <span class='ocrx_word' id='word_1_166' title='bbox 1094 610 1142 642; x_wconf 86' lang='lat' dir='ltr'>sic</span> <span class='ocrx_word' id='word_1_167' title='bbox 1166 610 1402 642; x_wconf 85' lang='lat' dir='ltr'>immaculatum</span> 
     </span>
     <span class='ocr_line' id='line_1_55' title="bbox 992 658 1314 691; baseline 0.003 -1"><span class='ocrx_word' id='word_1_168' title='bbox 992 658 1144 690; x_wconf 87' lang='lat' dir='ltr'>Immolat</span> <span class='ocrx_word' id='word_1_169' title='bbox 1169 658 1314 691; x_wconf 89' lang='lat' dir='ltr'>ecclesia.</span> 
     </span>
    </p>
   </div>
   <div class='ocr_carea' id='block_1_14' title="bbox 904 705 1290 738">
    <p class='ocr_par' dir='ltr' id='par_1_30' title="bbox 904 705 1290 738">
     <span class='ocr_line' id='line_1_56' title="bbox 904 705 1290 738; baseline -0.003 0"><span class='ocrx_word' id='word_1_170' title='bbox 904 730 913 738; x_wconf 89' lang='lat'>.</span> <span class='ocrx_word' id='word_1_171' title='bbox 948 705 1053 738; x_wconf 88' lang='lat' dir='ltr'>Sumit</span> <span class='ocrx_word' id='word_1_172' title='bbox 1077 706 1110 738; x_wconf 89' lang='lat' dir='ltr'>in</span> <span class='ocrx_word' id='word_1_173' title='bbox 1135 706 1290 738; x_wconf 89' lang='lat' dir='ltr'>iudicium</span> 
     </span>
    </p>
   </div>
   <div class='ocr_carea' id='block_1_15' title="bbox 943 754 1400 884">
    <p class='ocr_par' dir='ltr' id='par_1_31' title="bbox 943 754 1400 884">
     <span class='ocr_line' id='line_1_57' title="bbox 994 754 1400 795; baseline 0 -9"><span class='ocrx_word' id='word_1_174' title='bbox 994 755 1112 787; x_wconf 86' lang='lat' dir='ltr'>Panem</span> <span class='ocrx_word' id='word_1_175' title='bbox 1140 754 1260 787; x_wconf 78' lang='lat' dir='ltr'>Christi</span> <span class='ocrx_word' id='word_1_176' title='bbox 1285 754 1400 795; x_wconf 87' lang='lat' dir='ltr'>malus,</span> 
     </span>
     <span class='ocr_line' id='line_1_58' title="bbox 943 802 1330 841; baseline 0.003 -8"><span class='ocrx_word' id='word_1_177' title='bbox 943 802 1003 841; x_wconf 79' lang='lat' dir='ltr'>Qui</span> <span class='ocrx_word' id='word_1_178' title='bbox 1032 802 1115 834; x_wconf 88' lang='lat' dir='ltr'>bono</span> <span class='ocrx_word' id='word_1_179' title='bbox 1142 803 1330 841; x_wconf 89' lang='lat' dir='ltr'>remedium,</span> 
     </span>
     <span class='ocr_line' id='line_1_59' title="bbox 994 850 1324 884; baseline 0.003 -2"><span class='ocrx_word' id='word_1_180' title='bbox 994 850 1069 882; x_wconf 84' lang='lat' dir='ltr'>Vita</span> <span class='ocrx_word' id='word_1_181' title='bbox 1095 854 1142 882; x_wconf 86' lang='lat' dir='ltr'>est</span> <span class='ocrx_word' id='word_1_182' title='bbox 1169 853 1201 882; x_wconf 90' lang='lat' dir='ltr'>et</span> <span class='ocrx_word' id='word_1_183' title='bbox 1231 851 1324 884; x_wconf 73' lang='lat' dir='ltr'>salus,</span> 
     </span>
    </p>
   </div>
   <div class='ocr_carea' id='block_1_16' title="bbox 1034 947 1339 980">
    <p class='ocr_par' dir='ltr' id='par_1_32' title="bbox 1034 947 1339 980">
     <span class='ocr_line' id='line_1_60' title="bbox 1034 947 1339 980; baseline 0 -1"><span class='ocrx_word' id='word_1_184' title='bbox 1034 947 1080 979; x_wconf 90' lang='lat' dir='ltr'>In</span> <span class='ocrx_word' id='word_1_185' title='bbox 1104 947 1339 980; x_wconf 80' lang='lat' dir='ltr'>Laudibus,</span> 
     </span>
    </p>
   </div>
   <div class='ocr_carea' id='block_1_17' title="bbox 1051 1022 1310 1059">
    <p class='ocr_par' dir='ltr' id='par_1_33' title="bbox 1051 1022 1310 1059">
     <span class='ocr_line' id='line_1_61' title="bbox 1051 1022 1310 1059; baseline -0.004 -9"><span class='ocrx_word' id='word_1_186' title='bbox 1051 1022 1146 1059; x_wconf 87' lang='lat' dir='ltr'>Super</span> <span class='ocrx_word' id='word_1_187' title='bbox 1165 1023 1310 1050; x_wconf 88' lang='lat' dir='ltr'>Psalmos.</span> 
     </span>
    </p>
   </div>
   <div class='ocr_carea' id='block_1_18' title="bbox 908 1081 1261 1123">
    <p class='ocr_par' dir='ltr' id='par_1_34' title="bbox 908 1081 1261 1123">
     <span class='ocr_line' id='line_1_62' title="bbox 908 1081 1261 1123; baseline -0.008 -8"><span class='ocrx_word' id='word_1_188' title='bbox 908 1108 915 1115; x_wconf 93' lang='lat'>.</span> <span class='ocrx_word' id='word_1_189' title='bbox 948 1081 1066 1123; x_wconf 87' lang='lat' dir='ltr'>Bibite,</span> <span class='ocrx_word' id='word_1_190' title='bbox 1094 1081 1261 1122; x_wconf 82' lang='lat' dir='ltr'>carissimi,</span> 
     </span>
    </p>
   </div>
   <div class='ocr_carea' id='block_1_19' title="bbox 946 1129 1344 1257">
    <p class='ocr_par' dir='ltr' id='par_1_35' title="bbox 946 1129 1344 1257">
     <span class='ocr_line' id='line_1_63' title="bbox 946 1129 1221 1161; baseline 0 -1"><span class='ocrx_word' id='word_1_191' title='bbox 946 1129 992 1161; x_wconf 87' lang='lat' dir='ltr'>Et</span> <span class='ocrx_word' id='word_1_192' title='bbox 1016 1129 1221 1161; x_wconf 81' lang='lat' dir='ltr'>inebriamini</span> 
     </span>
     <span class='ocr_line' id='line_1_64' title="bbox 947 1177 1344 1209; baseline -0.003 0"><span class='ocrx_word' id='word_1_193' title='bbox 947 1177 1001 1209; x_wconf 90' lang='lat' dir='ltr'>Ad</span> <span class='ocrx_word' id='word_1_194' title='bbox 1027 1185 1168 1209; x_wconf 88' lang='lat' dir='ltr'>mensam</span> <span class='ocrx_word' id='word_1_195' title='bbox 1195 1177 1344 1208; x_wconf 86' lang='lat' dir='ltr'>altissimi</span> 
     </span>
     <span class='ocr_line' id='line_1_65' title="bbox 946 1224 1311 1257; baseline 0 0"><span class='ocrx_word' id='word_1_196' title='bbox 946 1225 1146 1257; x_wconf 83' lang='lat' dir='ltr'>Assistentes</span> <span class='ocrx_word' id='word_1_197' title='bbox 1170 1224 1311 1257; x_wconf 91' lang='lat' dir='ltr'>Domini.</span> 
     </span>
    </p>
   </div>
   <div class='ocr_carea' id='block_1_20' title="bbox 1065 1310 1319 1339">
    <p class='ocr_par' dir='ltr' id='par_1_36' title="bbox 1065 1310 1319 1339">
     <span class='ocr_line' id='line_1_66' title="bbox 1065 1310 1319 1339; baseline 0 -1"><span class='ocrx_word' id='word_1_198' title='bbox 1065 1310 1111 1338; x_wconf 88' lang='lat' dir='ltr'>Ad</span> <span class='ocrx_word' id='word_1_199' title='bbox 1131 1310 1319 1339; x_wconf 87' lang='lat' dir='ltr'>Benedictus.</span> 
     </span>
    </p>
   </div>
   <div class='ocr_carea' id='block_1_21' title="bbox 907 1360 1345 1399">
    <p class='ocr_par' dir='ltr' id='par_1_37' title="bbox 907 1360 1345 1399">
     <span class='ocr_line' id='line_1_67' title="bbox 907 1360 1345 1399; baseline -0.007 -5"><span class='ocrx_word' id='word_1_200' title='bbox 907 1386 914 1394; x_wconf 92' lang='lat'>.</span> <span class='ocrx_word' id='word_1_201' title='bbox 947 1360 1143 1392; x_wconf 85' lang='lat' dir='ltr'>Benedictus</span> <span class='ocrx_word' id='word_1_202' title='bbox 1169 1369 1202 1391; x_wconf 91' lang='lat' dir='ltr'>es</span> <span class='ocrx_word' id='word_1_203' title='bbox 1229 1360 1345 1399; x_wconf 81' lang='lat' dir='ltr'>oriens,</span> 
     </span>
    </p>
   </div>
   <div class='ocr_carea' id='block_1_22' title="bbox 945 1408 1402 1778">
    <p class='ocr_par' dir='ltr' id='par_1_38' title="bbox 945 1408 1402 1778">
     <span class='ocr_line' id='line_1_68' title="bbox 947 1408 1402 1448; baseline -0.002 -8"><span class='ocrx_word' id='word_1_204' title='bbox 947 1408 1007 1448; x_wconf 82' lang='lat' dir='ltr'>Qui</span> <span class='ocrx_word' id='word_1_205' title='bbox 1033 1417 1073 1440; x_wconf 86' lang='lat' dir='ltr'>ex</span> <span class='ocrx_word' id='word_1_206' title='bbox 1098 1408 1164 1440; x_wconf 88' lang='lat' dir='ltr'>alto</span> <span class='ocrx_word' id='word_1_207' title='bbox 1190 1408 1402 1448; x_wconf 85' lang='lat' dir='ltr'>progrediens</span> 
     </span>
     <span class='ocr_line' id='line_1_69' title="bbox 945 1456 1344 1489; baseline -0.005 0"><span class='ocrx_word' id='word_1_208' title='bbox 945 1456 1076 1489; x_wconf 87' lang='lat' dir='ltr'>Dedisti</span> <span class='ocrx_word' id='word_1_209' title='bbox 1102 1459 1136 1487; x_wconf 89' lang='lat' dir='ltr'>te</span> <span class='ocrx_word' id='word_1_210' title='bbox 1161 1456 1344 1488; x_wconf 89' lang='lat' dir='ltr'>hominibus</span> 
     </span>
     <span class='ocr_line' id='line_1_70' title="bbox 946 1504 1327 1537; baseline -0.005 0"><span class='ocrx_word' id='word_1_211' title='bbox 946 1504 991 1537; x_wconf 89' lang='lat' dir='ltr'>Et</span> <span class='ocrx_word' id='word_1_212' title='bbox 1017 1504 1141 1537; x_wconf 88' lang='lat' dir='ltr'>devotis</span> <span class='ocrx_word' id='word_1_213' title='bbox 1168 1504 1327 1536; x_wconf 85' lang='lat' dir='ltr'>mentibus</span> 
     </span>
     <span class='ocr_line' id='line_1_71' title="bbox 992 1551 1232 1585; baseline -0.008 0"><span class='ocrx_word' id='word_1_214' title='bbox 992 1553 1102 1585; x_wconf 89' lang='lat' dir='ltr'>Edere</span> <span class='ocrx_word' id='word_1_215' title='bbox 1128 1551 1232 1584; x_wconf 78' lang='lat' dir='ltr'>fecisti</span> 
     </span>
     <span class='ocr_line' id='line_1_72' title="bbox 996 1600 1325 1642; baseline -0.006 -9"><span class='ocrx_word' id='word_1_216' title='bbox 996 1600 1134 1642; x_wconf 88' lang='lat' dir='ltr'>Largire</span> <span class='ocrx_word' id='word_1_217' title='bbox 1161 1600 1325 1640; x_wconf 84' lang='lat' dir='ltr'>virtutem,</span> 
     </span>
     <span class='ocr_line' id='line_1_73' title="bbox 947 1648 1319 1682; baseline -0.005 0"><span class='ocrx_word' id='word_1_218' title='bbox 947 1649 994 1682; x_wconf 87' lang='lat' dir='ltr'>Ut</span> <span class='ocrx_word' id='word_1_219' title='bbox 1018 1654 1052 1681; x_wconf 91' lang='lat' dir='ltr'>te</span> <span class='ocrx_word' id='word_1_220' title='bbox 1079 1648 1319 1681; x_wconf 87' lang='lat' dir='ltr'>comedentibus</span> 
     </span>
     <span class='ocr_line' id='line_1_74' title="bbox 948 1696 1369 1730; baseline -0.005 -1"><span class='ocrx_word' id='word_1_221' title='bbox 948 1696 1051 1730; x_wconf 87' lang='lat' dir='ltr'>Nobis</span> <span class='ocrx_word' id='word_1_222' title='bbox 1078 1706 1148 1729; x_wconf 89' lang='lat' dir='ltr'>cum</span> <span class='ocrx_word' id='word_1_223' title='bbox 1176 1696 1369 1729; x_wconf 90' lang='lat' dir='ltr'>caelestibus</span> 
     </span>
     <span class='ocr_line' id='line_1_75' title="bbox 997 1746 1308 1778; baseline -0.006 0"><span class='ocrx_word' id='word_1_224' title='bbox 997 1746 1135 1778; x_wconf 84' lang='lat' dir='ltr'>Tribuas</span> <span class='ocrx_word' id='word_1_225' title='bbox 1162 1746 1308 1777; x_wconf 87' lang='lat' dir='ltr'>salutem.</span> 
     </span>
    </p>
   </div>
   <div class='ocr_carea' id='block_1_23' title="bbox 1061 1852 1319 1885">
    <p class='ocr_par' dir='ltr' id='par_1_39' title="bbox 1061 1852 1319 1885">
     <span class='ocr_line' id='line_1_76' title="bbox 1061 1852 1319 1885; baseline 0 0"><span class='ocrx_word' id='word_1_226' title='bbox 1061 1852 1144 1885; x_wconf 86' lang='lat' dir='ltr'>Per</span> <span class='ocrx_word' id='word_1_227' title='bbox 1169 1852 1319 1885; x_wconf 82' lang='lat' dir='ltr'>Horas,</span> 
     </span>
    </p>
   </div>
   <div class='ocr_carea' id='block_1_24' title="bbox 1092 1929 1296 1957">
    <p class='ocr_par' dir='ltr' id='par_1_40' title="bbox 1092 1929 1296 1957">
     <span class='ocr_line' id='line_1_77' title="bbox 1092 1929 1296 1957; baseline -0.01 0"><span class='ocrx_word' id='word_1_228' title='bbox 1092 1929 1136 1957; x_wconf 91' lang='lat' dir='ltr'>Ad</span> <span class='ocrx_word' id='word_1_229' title='bbox 1157 1930 1296 1956; x_wconf 87' lang='lat' dir='ltr'>Primam.</span> 
     </span>
    </p>
   </div>
   <div class='ocr_carea' id='block_1_25' title="bbox 911 1987 1391 2024">
    <p class='ocr_par' dir='ltr' id='par_1_41' title="bbox 911 1987 1391 2024">
     <span class='ocr_line' id='line_1_78' title="bbox 911 1987 1391 2024; baseline -0.01 -1"><span class='ocrx_word' id='word_1_230' title='bbox 911 2016 919 2024; x_wconf 91' lang='lat'>.</span> <span class='ocrx_word' id='word_1_231' title='bbox 950 1989 1002 2022; x_wconf 88' lang='lat' dir='ltr'>Da</span> <span class='ocrx_word' id='word_1_232' title='bbox 1023 1992 1166 2021; x_wconf 85' lang='lat' dir='ltr'>nostrum</span> <span class='ocrx_word' id='word_1_233' title='bbox 1195 1987 1391 2020; x_wconf 86' lang='lat' dir='ltr'>cotidianum</span> 
     </span>
    </p>
   </div>
   <div class='ocr_carea' id='block_1_26' title="bbox 951 2035 1473 2174">
    <p class='ocr_par' dir='ltr' id='par_1_42' title="bbox 951 2035 1473 2174">
     <span class='ocr_line' id='line_1_79' title="bbox 1000 2035 1361 2071; baseline -0.014 0"><span class='ocrx_word' id='word_1_234' title='bbox 1000 2039 1118 2071; x_wconf 84' lang='lat' dir='ltr'>Panem</span> <span class='ocrx_word' id='word_1_235' title='bbox 1145 2036 1237 2068; x_wconf 83' lang='lat' dir='ltr'>nobis</span> <span class='ocrx_word' id='word_1_236' title='bbox 1263 2035 1361 2067; x_wconf 88' lang='lat' dir='ltr'>hodie</span> 
     </span>
     <span class='ocr_line' id='line_1_80' title="bbox 951 2085 1473 2126; baseline -0.008 -8"><span class='ocrx_word' id='word_1_237' title='bbox 951 2087 1054 2119; x_wconf 82' lang='lat' dir='ltr'>Tuam</span> <span class='ocrx_word' id='word_1_238' title='bbox 1080 2094 1139 2126; x_wconf 88' lang='lat' dir='ltr'>per</span> <span class='ocrx_word' id='word_1_239' title='bbox 1164 2085 1307 2118; x_wconf 86' lang='lat' dir='ltr'>divinam</span> <span class='ocrx_word' id='word_1_240' title='bbox 1332 2092 1473 2124; x_wconf 87' lang='lat' dir='ltr'>manum,</span> 
     </span>
     <span class='ocr_line' id='line_1_81' title="bbox 1000 2131 1424 2174; baseline -0.012 -7"><span class='ocrx_word' id='word_1_241' title='bbox 1000 2135 1084 2174; x_wconf 77' lang='lat' dir='ltr'>iesu,</span> <span class='ocrx_word' id='word_1_242' title='bbox 1111 2134 1264 2174; x_wconf 89' lang='lat' dir='ltr'>princeps</span> <span class='ocrx_word' id='word_1_243' title='bbox 1291 2131 1424 2172; x_wconf 84' lang='lat' dir='ltr'>gloriae.</span> 
     </span>
    </p>
   </div>
   <div class='ocr_carea' id='block_1_27' title="bbox 1091 2219 1299 2247">
    <p class='ocr_par' dir='ltr' id='par_1_43' title="bbox 1091 2219 1299 2247">
     <span class='ocr_line' id='line_1_82' title="bbox 1091 2219 1299 2247; baseline -0.019 0"><span class='ocrx_word' id='word_1_244' title='bbox 1091 2219 1138 2247; x_wconf 87' lang='lat' dir='ltr'>Ad</span> <span class='ocrx_word' id='word_1_245' title='bbox 1157 2219 1299 2246; x_wconf 80' lang='lat' dir='ltr'>Tertiam.</span> 
     </span>
    </p>
   </div>
   <div class='ocr_carea' id='block_1_28' title="bbox 878 2267 1327 2303">
    <p class='ocr_par' dir='ltr' id='par_1_44' title="bbox 878 2267 1327 2303">
     <span class='ocr_line' id='line_1_83' title="bbox 878 2267 1327 2303; baseline -0.013 1"><span class='ocrx_word' id='word_1_246' title='bbox 878 2271 920 2303; x_wconf 91' lang='lat' dir='ltr'>A.</span> <span class='ocrx_word' id='word_1_247' title='bbox 954 2269 1036 2303; x_wconf 88' lang='lat' dir='ltr'>Cum</span> <span class='ocrx_word' id='word_1_248' title='bbox 1061 2269 1106 2301; x_wconf 88' lang='lat' dir='ltr'>sit</span> <span class='ocrx_word' id='word_1_249' title='bbox 1131 2267 1327 2300; x_wconf 84' lang='lat' dir='ltr'>eucharistia</span> 
     </span>
    </p>
   </div>
   <div class='ocr_carea' id='block_1_29' title="bbox 954 2314 1317 2453">
    <p class='ocr_par' dir='ltr' id='par_1_45' title="bbox 954 2314 1317 2453">
     <span class='ocr_line' id='line_1_84' title="bbox 1001 2314 1300 2357; baseline -0.01 -7"><span class='ocrx_word' id='word_1_250' title='bbox 1001 2317 1101 2350; x_wconf 88' lang='lat' dir='ltr'>Panis</span> <span class='ocrx_word' id='word_1_251' title='bbox 1125 2316 1160 2347; x_wconf 87' lang='lat' dir='ltr'>in</span> <span class='ocrx_word' id='word_1_252' title='bbox 1184 2314 1300 2357; x_wconf 77' lang='lat' dir='ltr'>figura,</span> 
     </span>
     <span class='ocr_line' id='line_1_85' title="bbox 954 2364 1317 2405; baseline -0.008 -7"><span class='ocrx_word' id='word_1_253' title='bbox 954 2365 1051 2398; x_wconf 86' lang='lat' dir='ltr'>Vitae</span> <span class='ocrx_word' id='word_1_254' title='bbox 1076 2366 1182 2397; x_wconf 89' lang='lat' dir='ltr'>tamen</span> <span class='ocrx_word' id='word_1_255' title='bbox 1211 2364 1317 2405; x_wconf 85' lang='lat' dir='ltr'>gratia</span> 
     </span>
     <span class='ocr_line' id='line_1_86' title="bbox 1001 2413 1288 2453; baseline -0.007 -7"><span class='ocrx_word' id='word_1_256' title='bbox 1001 2413 1098 2446; x_wconf 89' lang='lat' dir='ltr'>Latet</span> <span class='ocrx_word' id='word_1_257' title='bbox 1122 2413 1169 2445; x_wconf 92' lang='lat' dir='ltr'>ibi</span> <span class='ocrx_word' id='word_1_258' title='bbox 1195 2422 1288 2453; x_wconf 88' lang='lat' dir='ltr'>pura.</span> 
     </span>
    </p>
   </div>
  </div>
 </body>
</html>
