1651 2700
730 144 992 179 -222—

216 241 248 274 7.
273 240 431 281 Regimini
456 241 657 281 praepositus

270 288 376 320 Debet
400 289 534 329 populos
561 289 685 332 docere,

268 336 374 368 Debet
401 342 470 368 esse
494 336 596 376 primo
624 337 735 369 doctus

267 384 407 423 Postque
431 384 512 416 alios
537 393 674 423 monere,

267 431 369 474 Alias,
396 432 424 463 si
446 434 494 463 est
513 432 672 475 indoctus,

267 478 339 511 Non
366 479 461 511 debet
485 479 539 511 hic
563 478 638 522 [sic]
664 489 804 515 manere.

895 243 928 275 8.
955 242 1005 275 Sit
1029 242 1180 275 sacerdos
1205 242 1286 274 bene
1310 242 1394 275 lotus

955 287 1022 334 (In)
1043 290 1138 323 beata
1163 290 1365 333 conscientia,

951 338 1049 370 Vivat
1073 339 1191 371 mundo
1219 339 1316 371 corde
1340 341 1436 383 totus,

952 386 991 418 In
1017 395 1054 418 eo
1079 387 1123 418 sit
1147 386 1291 429 seientia,

953 433 1004 466 Sit
1026 435 1060 466 in
1084 434 1167 466 bono
1194 437 1281 466 certe
1305 437 1409 477 notus,

954 481 999 514 Ut
1024 485 1116 522 regat
1139 482 1308 523 sapientia.

270 561 296 596 1,
317 561 334 589 2
355 563 411 591 his.
429 578 468 583 ——
491 562 517 598 6,
538 561 556 592 3
577 565 682 592 Deum.
703 580 740 585 -
761 564 787 600 6,
808 563 826 593 5
847 574 941 594 euum.
963 581 1000 586 —-
1021 565 1047 601 7,
1069 565 1086 594 6
1106 567 1180 594 fehlt
1200 569 1266 595 eine
1287 567 1377 596 Silbe.

622 691 667 722 57.
706 691 842 731 Hymnus
864 692 902 724 de
920 697 1074 732 martyre.

207 767 238 800 1.
267 767 347 799 Sunt
369 769 471 800 sancti
497 769 623 810 quidem
647 774 815 812 martyres,

268 815 326 853 Qui
351 817 439 855 passi
464 820 538 848 sunt
562 819 760 861 martyrium,

265 861 346 894 Sunt
371 863 513 904 caelique
537 866 713 906 participes

263 910 325 942 Per
349 910 453 942 Iesum
481 911 639 944 Christum
664 912 774 957 filium,

263 956 408 989 Fuerunt
433 958 529 991 corde
553 960 696 1003 bellices,

263 1005 427 1037 Sumentes
452 1006 522 1038 iure
545 1008 712 1046 proelium.

202 1089 233 1120 2.
260 1089 336 1121 Fuit
360 1090 440 1130 ipsis
465 1098 559 1123 verus
584 1102 673 1124 amor

263 1136 325 1168 Seu
348 1141 451 1169 motus
478 1139 620 1171 caritatis

262 1183 307 1215 Et
330 1184 362 1216 in
389 1184 434 1216 eis
458 1186 540 1227 ignis
566 1187 666 1220 ardor

260 1230 305 1262 Et
330 1231 479 1265 defensor
503 1234 658 1275 veritatis,

262 1278 344 1310 Nam
371 1281 508 1312 cessavit
532 1282 642 1313 mortis
666 1292 767 1322 pavor

256 1325 471 1365 Disponentes
497 1329 657 1361 cruciatis.

203 1411 235 1444 3.
263 1410 342 1442 Sunt
365 1412 397 1443 in
424 1414 511 1445 caelo
537 1415 689 1458 coronati,

262 1457 435 1492 Exsultant
455 1460 488 1492 in
514 1461 647 1504 laetitia,

262 1505 312 1537 Ibi
336 1511 466 1539 manent
490 1508 635 1541 honorati

260 1552 306 1584 Et
330 1557 404 1585 sunt
426 1555 460 1586 in
485 1555 546 1587 Dei
571 1558 684 1599 gratia,

265 1600 451 1643 IubiIantes,
479 1603 632 1636 consolati

199 1733 231 1766 4.
259 1734 318 1773 Qui
342 1733 447 1767 fidelis
472 1740 521 1768 est
545 1742 704 1791 pugnator

260 1781 322 1813 Pro
346 1782 532 1824 iustitiaque
555 1785 635 1827 iure,

257 1829 370 1861 Manet
393 1830 464 1870 ipse
488 1832 711 1878 triumphator,

260 1876 323 1908 Sed
350 1877 522 1919 disponens
547 1880 649 1913 bonae
674 1891 771 1915 curae

256 1923 344 1956 Deus
369 1925 435 1957 eius
460 1931 654 1971 munerator,

259 1970 293 2003 Si
316 1972 380 2004 iam
405 1974 489 2013 gerit
511 1975 582 2015 ipse
605 1986 695 2016 pure.

890 774 921 806 5.
948 773 1020 806 Non
1046 773 1145 806 habet
1168 775 1238 815 quis
1264 775 1442 820 victoriam,

947 820 981 852 Si
1005 830 1067 853 non
1093 826 1213 862 pugnat
1240 823 1292 854 hic
1308 826 1501 866 constanter,

943 868 1013 899 Nee
1037 869 1134 901 habet
1156 869 1228 909 ipse
1251 871 1395 913 gloriam,

947 915 980 947 Si
1006 925 1068 948 non
1094 918 1195 948 vineit
1218 918 1271 949 hie
1294 919 1465 962 laetanter,

946 963 1020 996 Non
1045 965 1164 996 retinet
1187 966 1382 1007 memoriam,

946 1010 980 1043 Si
1005 1012 1068 1044 iam
1093 1012 1180 1052 perit
1202 1013 1256 1044 hie
1279 1014 1449 1047 instanter.

912 1121 918 1128 .
944 1096 1028 1128 Nam
1052 1098 1190 1137 primum
1216 1102 1265 1130 est
1289 1099 1478 1140 martyrium

944 1144 1009 1176 Pro
1033 1144 1099 1177 fide
1123 1146 1235 1178 mortis
1260 1147 1377 1190 passio,

945 1191 1124 1224 Secundum
1151 1197 1200 1225 est
1223 1194 1412 1235 martyrium

945 1239 1087 1271 Iniuriae
1112 1241 1267 1281 remissio,

946 1285 1010 1318 Sed
1034 1288 1163 1319 tertium
1187 1289 1377 1329 martyrium

942 1333 1012 1365 Iam
1036 1336 1175 1376 proximi
1201 1337 1393 1377 compassio.

910 1443 918 1450 .
946 1419 1047 1452 Vobis
1073 1423 1175 1453 status
1203 1422 1351 1454 militaris

948 1466 1066 1500 Contra
1089 1469 1197 1501 hostes
1222 1470 1422 1512 proeliando,

945 1514 1044 1547 Vobis
1070 1517 1150 1548 ordo
1175 1517 1332 1558 regularis

947 1561 1155 1607 Corrigendo,
1182 1565 1412 1609 praedicando,

940 1610 1040 1642 Vobis
1065 1620 1154 1643 amor
1178 1614 1363 1656 parentalis,

941 1658 1007 1689 Vos
1032 1668 1091 1698 pro
1116 1659 1185 1692 Deo
1210 1661 1387 1694 moriendo.

909 1769 917 1776 .
945 1744 1010 1775 Vos
1035 1743 1141 1777 fuistis
1166 1748 1315 1786 proeliati

941 1791 1106 1825 Habentes
1132 1803 1188 1826 vos
1214 1795 1393 1839 victoriam,

941 1838 1031 1871 Estis
1055 1841 1159 1880 primo
1185 1844 1328 1875 coronati

941 1887 1104 1920 Habentes
1131 1889 1191 1921 Dei
1215 1891 1361 1934 gloriam,

941 1934 1029 1967 Estis
1056 1945 1184 1977 semper
1207 1938 1356 1971 honorati

942 1983 1005 2014 Per
1030 1985 1187 2017 canticam
1212 1988 1409 2022 memoriam.

539 2110 585 2142 58.
624 2112 761 2152 Hymnus
784 2113 821 2146 de
841 2115 970 2157 virgine
991 2120 1025 2149 et
1045 2121 1141 2151 casto.

220 2183 311 2230 .(O)
336 2188 492 2222 mirabilis
518 2191 695 2234 virginitas,

256 2235 353 2274 Quam
376 2237 518 2271 virtuosa
543 2241 694 2285 cernitur,

249 2282 500 2325 Laudabilisque
523 2288 664 2330 castitas,

252 2330 350 2369 Quam
375 2334 516 2373 gratiosa
539 2337 704 2370 redditur!

254 2378 460 2421 Honestaque
482 2383 631 2424 iugalitas

250 2425 302 2459 Ex
326 2426 401 2460 filiis
428 2429 581 2472 diligitur.

880 2199 912 2230 2.
937 2199 1040 2241 Virgo
1065 2210 1177 2233 aurum
1202 2205 1239 2234 ut
1262 2203 1453 2247 perfeetum,

936 2248 1014 2287 Ipsa
1038 2250 1130 2289 quasi
1153 2251 1202 2283 sol
1226 2253 1425 2297 resplendet,

935 2295 1113 2337 Argentum
1141 2302 1229 2332 casta
1253 2301 1400 2343 electum,

935 2344 1012 2383 Ipsa
1037 2346 1129 2385 quasi
1152 2347 1230 2380 luna
1253 2347 1365 2390 fulget,

937 2392 1091 2432 Iugalitas
1119 2391 1198 2440 [est]
1221 2400 1259 2428 ut
1282 2396 1418 2443 ferrum,

937 2439 1024 2478 Quae
1047 2443 1172 2483 prolem
1197 2453 1287 2477 suam
1312 2450 1454 2486 generet.
