1651 2700
730 139 990 175 —138—

214 238 245 271 3.
271 237 352 277 Ave,
379 246 439 278 pro
463 236 587 269 invidia
901 238 933 270 4.
959 236 1039 279 Ave,
1067 235 1122 276 qui
1147 235 1298 267 coenobio

320 285 379 325 Qui
406 285 446 317 de
471 284 649 316 cathedrali
1006 284 1137 316 Iunctus
1159 283 1385 315 monachorum

272 333 388 366 Pulsus
414 341 447 364 es
473 332 608 364 ecclesia
960 331 998 364 In
1023 331 1085 364 Dei
1109 331 1240 363 servitio

321 380 423 413 Causa
449 388 559 412 carens
584 380 671 423 mali,
1009 379 1116 412 Corda
1140 377 1250 411 firmas
1277 379 1400 419 horum,

272 428 303 460 A
328 437 380 459 me
404 428 491 468 pelle
515 428 595 459 vitia
958 427 1106 468 Exsicca,
1133 435 1225 467 quem
1251 427 1334 465 sitio,

319 475 442 508 Cuncta
465 476 560 515 pulsu
586 475 653 518 tali,
1008 476 1144 508 Fontem
1169 474 1331 515 vitiorum,

274 522 325 555 Ne
346 523 452 563 pellar
476 532 495 555 a
519 524 622 563 gratia
959 522 1008 554 Sit
1032 522 1111 553 mihi
1138 520 1272 554 refectio

320 572 412 604 Motu
438 571 578 611 aliquali.
1002 570 1102 610 Iesus,
1130 568 1200 601 fons
1225 570 1405 602 hortorum.

601 659 631 689 5.
659 657 740 698 Ave,
767 656 820 696 qui
845 656 1013 696 perimeris

704 705 742 736 In
769 704 922 745 oratione,

658 751 780 792 Dignus
804 751 880 783 hinc
905 750 1044 782 efficeris

703 798 857 832 Caelestis
884 807 1028 841 coronae,

655 846 720 886 Da„
742 854 782 877 ne
806 846 920 887 iungar
941 845 1055 877 inferis

703 893 781 927 Cum
808 892 1003 935 confusione,

654 941 717 973 Sed
743 949 869 981 regnem
899 950 968 972 cum
994 941 1120 980 superis

701 989 829 1032 Tecum,
857 989 985 1028 praesul
1012 989 1105 1021 bone.

274 1063 299 1090 A
320 1063 368 1090 fol.
390 1061 442 1090 21).

628 1155 672 1186 55.
716 1155 758 1186 De
778 1156 884 1186 sancto
905 1155 1085 1186 Laurentio.

212 1234 243 1266 1.
268 1234 349 1272 Ave,
376 1234 530 1266 Laurenti
554 1235 657 1273 beate,
899 1235 930 1266 3.
959 1235 1037 1275 Ave,
1064 1236 1118 1275 qui
1144 1244 1202 1275 pro
1229 1237 1340 1275 poenis
1366 1236 1448 1277 iguis

268 1282 439 1314 Assabaris
466 1282 539 1314 dum
564 1282 597 1313 in
624 1284 720 1322 crate,
951 1282 1107 1314 Praemiis
1134 1283 1247 1314 ditaris
1275 1283 1389 1323 dignis,

268 1329 418 1369 Tyranno
443 1330 491 1360 sic
514 1329 688 1369 insultasti,
954 1331 983 1361 A
1008 1338 1059 1361 me
1083 1331 1209 1369 peccati
1235 1331 1377 1362 habenas

268 1376 402 1409 Dicens:
429 1376 512 1417 Ede,
539 1377 623 1417 quod
649 1377 773 1410 assasti.
952 1376 1139 1417 infernique
1164 1377 1240 1418 fuga
1265 1387 1395 1418 poenas,

208 1462 240 1494 2.
266 1462 348 1502 Ave,
376 1462 430 1503 qui
455 1464 579 1494 assatus
605 1463 735 1502 gaudes,
895 1465 927 1496 4.
954 1464 1034 1506 Ave,
1061 1464 1114 1503 qui
1141 1464 1255 1496 turbae
1281 1473 1398 1505 egenae

266 1508 390 1550 Dignas
416 1518 512 1550 agens
537 1510 606 1542 Deo
631 1510 755 1550 laudes,
953 1510 1020 1542 Das
1047 1510 1167 1543 Christi
1192 1512 1361 1544 thesauros
1387 1513 1493 1555 plene,

265 1557 329 1589 Pro
355 1566 406 1588 me
431 1556 530 1590 funde
555 1566 667 1598 preces
694 1558 733 1597 ei,
954 1559 1160 1591 Peccatorem
1186 1569 1236 1591 me
1264 1569 1398 1601 egenum

267 1603 312 1636 Ut
338 1605 527 1636 misereatur
551 1605 623 1637 mei.
954 1605 1067 1638 Gratia
1092 1606 1153 1639 Dei
1179 1606 1231 1639 fac
1256 1608 1397 1648 plenum.

539 1695 568 1724 5.
595 1693 674 1732 Ave,
702 1691 756 1731 qui
780 1691 884 1723 vincis
909 1694 943 1723 'm
967 1692 1052 1732 igne,

594 1738 689 1779 Sequi
716 1742 747 1770 te
774 1739 814 1771 da
839 1739 917 1771 mihi
945 1740 1041 1781 digne

591 1787 645 1818 Ad
670 1789 851 1818 sauctorum
879 1787 1059 1819 claritatem

591 1833 635 1865 Et
661 1834 828 1866 caelestem
856 1835 1027 1868 civitatem.

268 1907 293 1934 A
314 1907 365 1934 fol.
386 1906 458 1935 7912.
479 1923 515 1928 —
538 1910 594 1936 (ΣΠ.
615 1909 702 1936 Anal.
722 1910 777 1944 m,
801 1908 863 1938 187.

615 2010 660 2041 56.
701 2011 744 2042 De
765 2013 872 2043 sancto
893 2012 1086 2045 Leonhardo.

204 2088 235 2122 1.
261 2089 342 2129 Ave,
370 2088 554 2121 felicissime
895 2094 925 2124 2.
952 2094 1033 2133 Ave,
1061 2095 1114 2134 qui
1139 2095 1268 2128 silentia

313 2137 482 2169 Leonarde
507 2141 606 2181 grate,
1002 2141 1118 2182 Diligis
1146 2143 1275 2182 deserti,

266 2185 377 2218 Olares
403 2185 456 2226 qui
482 2186 658 2217 clarissime
952 2189 1022 2221 Tua
1047 2189 1203 2223 beneficia

311 2232 406 2265 Clara
430 2234 588 2274 claritate,
1000 2237 1113 2271 Plures
1138 2243 1211 2271 sunt
1238 2242 1373 2281 experti,

261 2280 350 2312 Tuae
373 2281 615 2320 potentissimae
951 2285 1048 2318 Ultra
1071 2296 1135 2319 non
1160 2288 1202 2320 ad
1230 2290 1312 2321 vitia

309 2328 421 2361 Precis
445 2332 606 2369 potestate
997 2334 1054 2366 Me
1078 2335 1164 2367 sinas
1191 2339 1346 2381 converti,

264 2375 414 2416 Corporis
441 2379 473 2408 et
497 2378 621 2409 animae
949 2381 1013 2414 Sed
1040 2383 1082 2415 ad
1108 2384 1193 2416 vitae
1220 2386 1330 2418 stadia

310 2423 426 2456 Laeter
451 2426 616 2465 sospitate.
996 2429 1069 2463 Duc
1095 2431 1193 2464 ductu
1218 2433 1354 2466 sollerti.
