1651 2700
144 248 177 279 3.
205 247 338 289 Sprevit
361 256 584 290 transitoriam

249 297 407 333 Erasmus
433 304 583 349 salutem,

202 344 339 379 Videret
362 353 398 381 ut
422 352 556 391 gloriam

249 393 314 426 Dei
332 399 365 428 et
389 398 550 433 virtutem.

139 469 173 500 4.
202 468 267 502 Hic
294 481 363 505 cum
391 479 616 513 sacerdotibus

247 518 376 553 Sanctis
404 523 566 559 benedicit

198 564 303 599 Deum
330 569 364 601 in
391 572 594 620 caelestibus,

249 614 331 654 Quia
354 620 510 654 mundum
538 624 624 657 vicit.

132 690 165 722 5.
191 689 363 726 Erasmum
392 696 546 732 divinitus

238 738 419 775 Foventem
446 748 568 790 tutelis,

190 786 303 820 Omnis
328 790 442 824 laudet
466 796 601 835 spiritus

238 835 411 871 Dominum
441 842 481 874 de
508 846 617 879 caelis,

308 933 355 961 Ad
374 934 564 966 Benedictus.

110 987 152 1021 A.
194 987 312 1022 Cordis
338 995 441 1025 nostri
466 995 538 1028 lora
562 1001 693 1042 spasmi‚

236 1037 322 1081 Iesu,
350 1040 454 1074 dulcis
479 1043 627 1086 Domine,

185 1082 279 1117 Sacri
306 1087 448 1121 dissolve
472 1091 602 1125 Erasmi

231 1132 359 1166 Devoto
385 1138 539 1181 oramine,

179 1178 230 1211 Ne
256 1184 292 1212 ut
317 1186 454 1217 noctuae
480 1195 623 1221 erremus

227 1229 344 1262 Mortis
371 1232 403 1264 in
431 1234 578 1277 caligine,

177 1274 243 1309 Sed
269 1281 304 1309 ut
328 1280 456 1320 aquilae
481 1291 612 1317 ovemns

228 1325 266 1357 In
290 1329 324 1358 te
349 1337 425 1361 vero
451 1330 581 1367 lumine.

289 1452 365 1485 l’er
399 1455 548 1489 Horas.

313 1549 358 1576 Ad
378 1550 520 1580 Primam.

96 1614 136 1645 A.
173 1615 275 1647 Morti
299 1626 335 1649 se
359 1618 521 1661 impendit
545 1623 608 1655 iste

169 1662 236 1695 Pro
259 1673 369 1697 amore
395 1673 460 1709 tuo,
490 1669 629 1713 Christe,

217 1712 295 1744 Plus
319 1723 414 1754 quam
440 1717 483 1749 ad
510 1721 657 1753 convivia

217 1760 339 1793 Volans
365 1763 407 1795 ad
433 1767 604 1806 supplicia.

301 1856 347 1884 Ad
369 1858 510 1887 Tertiam.

87 1911 133 1944 A.
167 1912 324 1947 Erasmus
352 1917 383 1949 vi
409 1920 521 1959 rapuit

215 1961 347 1996 Caelum
376 1966 490 2007 dignus
516 1968 598 2011 Deo,

162 2009 345 2045 Poenarum
372 2014 434 2047 hoc
459 2017 579 2049 meruit

206 2059 331 2103 Insigni
356 2066 501 2104 tropaeo.

304 2166 351 2194 Ad
372 2167 501 2197 Sextam.

78 2223 122 2256 A.
158 2224 209 2256 De
235 2226 359 2259 virtute
383 2227 501 2269 iugiter

201 2273 277 2306 Ibat
301 2275 343 2307 ad
370 2277 522 2310 virtutem

149 2321 308 2355 Erasmus
331 2322 474 2358 feliciter

198 2369 372 2405 Lucraudo
398 2374 547 2408 salutem.

788 169 926 204 65—

1049 270 1095 297 Ad
1115 271 1240 300 Nonam.

826 325 867 358 A.
906 327 1035 360 Erasmi
1060 332 1244 368 praesentia

947 376 1070 408 Fructu
1095 379 1282 412 meritorum

899 422 1110 456 cumulantur
1134 427 1251 466 gaudia

944 471 1064 503 Incolis
1090 473 1246 512 polorum.

958 575 1004 607 In
1041 578 1072 609 2.
1101 578 1320 619 vesperis,

1041 643 1239 679 Antiphonat.

834 698 865 730 1.
891 699 1029 732 Erasmo
1056 703 1252 737 coniubilant

939 748 1040 780 Astra
1062 751 1229 791 matutina,

891 795 988 828 Cuius
1014 801 1105 838 gesta
1130 801 1264 834 rutilant

936 845 1027 877 Hora
1052 848 1247 888 vespertina.

828 920 859 953 2.
884 920 1022 954 Erasmo
1048 924 1206 965 sagacitas

933 970 1019 1001 Data
1043 972 1230 1011 serpentina

883 1018 913 1047 A
940 1016 1008 1048 Deo
1034 1019 1226 1058 simplicitas

927 1063 990 1096 Est
1005 1068 1044 1096 et
1069 1066 1260 1102 columbina.

821 1138 852 1172 3.
879 1139 1112 1174 Blandimenta
1136 1145 1248 1183 spuria

926 1187 1081 1222 Erasmus
1107 1194 1291 1232 spernendo

877 1234 1024 1275 Superna
1047 1239 1171 1277 palatia

924 1283 1018 1316 Subit
1042 1287 1207 1326 patiendo.

813 1360 846 1392 4.
873 1360 1045 1394 Excedens
1070 1367 1216 1397 aromata

920 1409 1027 1442 Odore
1052 1411 1184 1444 virtutis

870 1457 994 1497 Migrat
1019 1459 1060 1491 ad
1085 1461 1247 1500 agalmata

917 1508 1081 1539 Aeternae
1106 1509 1231 1542 salutis.

794 1569 835 1603 R.
869 1571 965 1613 Ecce,
992 1583 1126 1614 granum
1153 1577 1291 1609 moritur

916 1620 1038 1653 Terrae
1064 1623 1206 1656 clausum
1233 1627 1337 1665 palea,

866 1668 1021 1701 Erasmus
1047 1671 1207 1705 occiditur

913 1716 1011 1757 Regis
1037 1720 1165 1758 quando
1191 1719 1324 1762 framea,

864 1765 1003 1805 Agalma
1026 1766 1209 1807 ingreditur

910 1813 999 1846 Mira
1023 1813 1149 1856 fulgens
1176 1818 1301 1860 trabea,

791 1858 828 1894 V.
861 1860 957 1893 Vitae
982 1861 1085 1895 fretus
1111 1865 1205 1905 galea

909 1909 1027 1943 Mortis
1054 1915 1176 1945 trucem

907 1957 1040 1999 Fugans
1067 1961 1181 1994 ducem

858 2005 954 2038 Fidei
982 2008 1022 2040 de
1049 2010 1152 2044 vinea.

982 2083 1029 2112 Ad
1048 2086 1232 2122 Magnificat.

781 2141 824 2174 A.
858 2141 1068 2183 Magnificent
1095 2145 1278 2187 Dominum,

853 2191 1042 2224 Amatorem
1068 2193 1244 2232 hominum,

903 2239 1020 2272 Omnes
1044 2243 1165 2274 mundo
1193 2244 1300 2282 corde,

850 2285 981 2319 Erasmi
1007 2290 1211 2329 supplicibus

851 2333 1024 2368 Diluamur
1048 2339 1203 2377 precibus

902 2383 948 2416 Ut
971 2384 1012 2416 ab
1040 2387 1126 2418 omni
1152 2388 1259 2422 sorde.

151 2436 177 2463 Β
197 2436 249 2464 fol.
272 2436 352 2467 1711>
374 2449 418 2477 sq.
440 2456 478 2460 —
498 2443 542 2470 Iu
562 2443 674 2472 Laud.
695 2444 722 2472 A
743 2443 770 2480 3,
791 2445 811 2474 4
830 2447 963 2477 Domini.
979 2467 1016 2471 —
1036 2451 1098 2481 Aus
1116 2453 1264 2490 jiingeren
1285 2455 1411 2490 Qucllen

73 2473 107 2500 in
127 2473 180 2502 der
201 2476 520 2508 nicht-monastischen
540 2482 630 2510 Form
649 2483 738 2512 Anal.
759 2485 856 2521 XXV,
879 2485 936 2516 283
956 2489 986 2517 ff.

132 2524 154 2547 D
160 2532 173 2548 r
180 2531 195 2547 e
203 2533 218 2549 v
225 2532 239 2548 e
246 2534 270 2555 s.
288 2526 448 2553 christanus
465 2529 696 2561 Campoliliensis.

1219 2542 1237 2570 5
