1651 2700
701 146 963 183 —245—

177 236 210 268 3.
236 234 302 267 Est
327 236 500 271 humanum
526 250 584 273 nos
610 250 757 284 peccare,

155 2216 175 2247 [Ο

236 284 345 316 Adam
372 286 511 327 primum
536 298 595 321 nos
621 294 802 334 sequentes,

237 330 303 364 Sed
335 337 385 365 est
409 339 556 368 sanctum
583 339 756 371 emendare

238 379 312 412 Non
338 382 380 414 ad
407 384 526 416 malum
553 386 736 428 redeuntes,

236 428 298 460 Est
322 429 467 471 iniquum
491 442 550 465 nos
577 434 704 477 durare,

233 475 302 508 Nos
328 482 464 517 peccata
487 480 655 516 iterantes,

203 606 210 613 .
237 582 430 623 Decipimur
454 587 629 626 putamine,

236 630 357 663 Noster
381 630 469 664 fallit
494 634 661 675 cogitatus,

235 679 274 710 In
300 688 415 712 manus
441 683 524 723 tuas,
550 682 697 723 Domine,

233 725 359 759 Statum
369 731 515 761 nostrum
530 732 799 774 commendamus,

231 774 300 807 Nos
326 779 438 808 teneas
463 777 498 810 in
525 779 656 822 lumine,

231 822 278 855 Ut
301 826 335 855 te
360 824 464 858 Deum
489 826 656 859 videamus

197 955 203 961 .
231 929 270 961 In
298 930 426 962 domum
454 931 517 963 Dei
541 932 658 965 ibimus

230 978 282 1009 Ac
306 978 338 1009 in
366 979 489 1011 caelum
517 981 739 1021 ascendemus,

232 1024 265 1057 Si
292 1035 350 1058 nos
376 1027 514 1059 virtutes
540 1029 680 1068 gerimus

229 1072 275 1104 Et
300 1083 358 1106 nos
384 1075 454 1107 Deo
483 1077 728 1117 complacemus,

231 1120 265 1153 Si
290 1122 372 1154 vitia
396 1132 454 1154 nos
480 1124 631 1163 pellimus

227 1168 272 1200 Et
297 1179 357 1201 nos
382 1171 494 1202 mundi
521 1180 757 1210 permanemus.

194 1300 200 1307 .
228 1273 445 1319 Mundanum,
465 1277 550 1316 quod
564 1285 622 1309 nos
637 1278 793 1320 cupimus,

229 1322 434 1365 Temporale,
461 1325 545 1364 quod
573 1328 731 1365 optamus,

229 1371 275 1403 Et
300 1379 428 1410 vanum,
457 1373 542 1413 quod
564 1382 622 1405 nos
640 1374 791 1415 gerimus,

229 1418 425 1461 Periturum,
455 1421 538 1460 quod
566 1430 727 1464 amamus;

228 1467 301 1499 Hoc
325 1467 431 1500 subito
458 1477 516 1500 nos
542 1470 718 1510 perdimus,

228 1514 274 1546 Et
299 1516 441 1556 recedet,
470 1525 541 1548 cum
566 1527 745 1558 speramus,

902 246 932 280 7.
960 247 1051 279 Haec
1077 249 1211 281 vanitati
1238 251 1403 284 subiacent

958 295 1067 336 Atque
1092 305 1200 330 omnes
1227 302 1402 339 creaturae,

960 343 1107 383 Superna
1133 354 1186 377 eas
1213 346 1372 389 derident,

960 392 1031 423 Hae
1055 401 1254 434 nequaquam
1282 396 1465 440 duraturae,

962 438 1181 473 Constantiam
1207 452 1270 476 non
1297 444 1470 485 continent,

959 486 1042 518 Nam
1067 487 1100 519 in
1126 492 1243 521 terram
1269 500 1468 527 reversurae.

922 617 929 624 .
958 591 1041 631 Quid
1069 594 1158 633 cupis
1184 595 1278 636 longe
1304 597 1413 629 vivere

955 639 1000 671 Et
1024 643 1060 672 tu
1083 642 1185 674 multa
1209 643 1397 683 possidere?

957 688 1038 728 Quid
1069 690 1159 729 cupis
1186 700 1268 722 vana
1293 701 1404 732 gerere

954 735 999 767 Et
1023 738 1186 770 mundana
1209 739 1369 771 retineret*

955 783 1091 823 Oportet
1115 789 1147 817 te
1174 787 1323 819 deserere

955 831 1000 863 Et
1024 832 1064 864 ab
1092 834 1137 866 eis
1162 843 1339 868 removere.

920 964 926 970 .
955 937 1176 971 Praesentium
1204 938 1354 972 felicibus

953 985 1029 1024 Quis
1055 986 1088 1017 in
1114 986 1212 1018 altum
1240 988 1412 1028 exaltatur,

952 1033 1134 1065 Revolvens
1160 1043 1195 1065 se
1219 1035 1393 1074 paludibus

952 1080 1025 1119 Hic,
1051 1082 1200 1121 quoniam
1226 1082 1409 1126 suffocatur,

952 1127 1128 1160 Delectans
1153 1129 1186 1160 in
1213 1130 1404 1162 caelestibus

953 1174 1109 1207 Claritate
1133 1177 1337 1212 iucundatur.

917 1304 924 1312 .
952 1280 1021 1312 Iam
1046 1290 1109 1313 non
1136 1282 1224 1314 vales
1249 1285 1284 1314 tu
1310 1284 1433 1316 servire

948 1327 1082 1361 Duobus
1108 1330 1202 1361 simul
1230 1331 1377 1374 dominis,

949 1376 1022 1408 Hoc
1047 1380 1097 1409 est
1119 1377 1189 1410 Deo
1216 1378 1371 1411 oboedire

950 1424 1051 1456 Simul
1076 1427 1174 1466 atque
1200 1426 1348 1470 diaboliS,

948 1472 1034 1505 Cura
1057 1473 1162 1505 Deum
1188 1477 1222 1506 tu
1248 1476 1341 1507 adire

949 1521 1083 1553 Omissis
1109 1522 1205 1554 malis
1231 1524 1365 1564 angelis

238 1618 263 1653 1,
288 1619 302 1648 1
325 1621 424 1649 Vives.
449 1636 487 1640 —
508 1620 535 1657 3,
558 1621 574 1651 6
595 1625 712 1652 iterare.
733 1640 771 1644 —
793 1623 837 1660 10,
858 1624 878 1653 4
899 1628 928 1653 et
948 1626 1086 1655 diabolis.

551 1746 602 1778 93.
640 1747 779 1788 Hymnus
801 1748 885 1780 alius
908 1749 946 1781 de
968 1749 1085 1782 eodem.

185 1889 193 1896 .
219 1863 322 1896 Dives
350 1869 437 1897 certe
462 1865 518 1898 vix
543 1866 680 1898 intrabit

225 1913 296 1945 Iam
321 1913 355 1946 in
382 1922 514 1954 regnum
542 1914 603 1947 Dei
628 1919 786 1957 sanctum,

223 1961 306 1994 Nam
331 1962 471 1994 terrenis
498 1964 653 1996 exaltavit

219 2010 445 2051 Relinquendo
470 2011 533 2044 Dei
560 2015 698 2054 cantum,

218 2058 292 2091 Non
318 2068 354 2091 se
377 2059 448 2092 Deo
473 2061 659 2104 exsultavit,

220 2107 281 2140 His
307 2108 458 2140 adhaesit
482 2109 574 2141 vanis
601 2113 735 2144 tamum.

183 2240 190 2248 .
220 2214 439 2248 Coronabitur
463 2216 514 2248 vir
539 2226 674 2257 pauper,

213 2264 297 2297 Eius
323 2273 437 2305 preces
463 2265 646 2307 audientur,

213 2311 322 2345 Dulce
348 2314 529 2346 commedet
553 2317 590 2346 ut
613 2323 704 2355 aper,

211 2360 254 2393 Ei
281 2361 366 2393 bona
390 2360 607 2403 conferentur,

211 2409 309 2441 Iuvat
334 2418 406 2442 eum
431 2412 543 2442 sancta
566 2414 679 2453 mater,

213 2456 283 2489 Sibi
308 2466 408 2498 regna
435 2459 664 2492 concedentur.

861 1870 892 1902 3.
922 1869 1000 1902 Cum
1027 1880 1085 1903 nos
1111 1874 1200 1904 recte
1226 1872 1403 1913 cogitamus

919 1918 978 1950 Vel
1005 1918 1090 1951 forte
1115 1919 1197 1952 bene
1223 1921 1374 1961 gerimus,

918 1966 988 1999 Deo
1013 1968 1127 2000 laudes
1152 1968 1342 2011 referamus,

918 2016 981 2048 Per
1007 2025 1078 2048 eum
1104 2017 1187 2050 bene
1212 2016 1357 2061 fecimus,

918 2064 986 2096 Nos
1010 2065 1044 2097 in
1068 2065 1138 2098 Deo
1164 2075 1360 2108 maneamus,

918 2112 975 2145 Nil
1001 2113 1084 2145 enim
1110 2123 1170 2155 per
1194 2124 1252 2147 nos
1278 2124 1458 2156 possumus.

882 2245 888 2250 .
916 2219 1022 2251 Homo
1048 2220 1151 2251 oritur
1178 2220 1218 2252 de
1243 2230 1337 2253 mane

916 2267 964 2299 Et
985 2266 1058 2299 finit
1082 2271 1158 2300 ante
1184 2277 1346 2310 vesperas,

916 2316 1022 2348 Homo
1047 2319 1142 2356 putat
1168 2320 1255 2349 certe
1280 2327 1363 2350 vane

912 2363 986 2395 Non
1014 2365 1178 2405 complens
1204 2375 1278 2398 suas
1304 2376 1431 2410 operas,

914 2411 1031 2443 Parum
1056 2413 1139 2445 vivit
1162 2414 1234 2454 ipse
1259 2424 1356 2457 sane;

913 2459 963 2492 Ne
989 2460 1092 2493 Deum
1121 2465 1211 2494 tuum
1239 2463 1380 2497 deseras.
