1651 2700
743 147 1004 183 —230—

232 246 263 280 5.
288 245 400 278 Manet
424 245 541 278 caritas
566 243 712 285 perfecta
915 245 948 277 6.
973 244 1012 276 In
1039 244 1127 276 caelo
1153 245 1203 275 est
1227 242 1385 283 hilaritas,

286 293 325 325 ln
350 294 446 326 corde
470 302 509 325 ac
532 293 564 325 in
590 292 696 332 labiis,
975 291 1159 332 Cantusque
1184 299 1312 330 semper
1338 290 1473 332 canitur,

285 340 335 373 Sit
357 341 555 381 intentioque
579 343 668 373 recta
971 339 1010 371 In
1034 339 1118 379 ipso,
1146 338 1202 379 qui
1226 341 1276 370 est
1301 337 1442 378 claritas,

285 388 322 420 In
348 391 422 420 actu
445 388 523 420 boni
547 388 664 429 operis,
973 387 1103 420 Caelum
1130 387 1250 419 virtute
1274 385 1451 425 scanditur,

285 435 335 468 Sit
360 436 490 469 dilectio
517 436 636 469 dilecta
973 435 1012 467 In
1036 434 1133 467 terris
1159 437 1210 467 est
1233 434 1426 475 adversitas,

285 484 322 516 In
348 484 488 524 proximi
512 483 681 525 suffragiis.
972 482 1138 523 Dolorque
1161 482 1255 515 labor
1278 482 1434 515 nascitur.

634 595 675 626 71.
714 594 852 634 Hymnus
873 602 969 635 super
990 594 1108 625 eodem.

229 682 259 716 1.
288 683 371 723 Quid
397 682 513 716 fundas
538 684 572 716 in
597 684 814 724 terrestribus,
910 685 943 717 4.
969 684 1020 716 Tu
1043 684 1148 724 gaude
1173 692 1243 715 cum
1269 683 1483 724 gaudentibus

285 730 369 770 Quid
392 731 426 762 in
450 731 579 764 homine
604 731 759 764 confidis?
968 731 1179 764 Honestatem
1204 731 1386 773 retinendo,

285 778 354 810 Iam
378 788 461 811 vana
482 779 516 810 in
541 779 732 818 hominibus,
968 779 1013 811 Et
1036 778 1114 811 fleas
1139 782 1175 811 tu
1200 788 1272 811 cum
1297 777 1449 810 flentibus

285 825 395 858 Omnis
419 826 514 859 homo
540 827 652 868 lutum,
680 827 778 867 cinis;
967 826 1017 858 Tu
1041 827 1177 859 virtutes
1203 826 1439 867 prosequendo,

283 873 470 905 Adhaereas
497 874 698 916 caelestibus,
969 874 1098 906 Servire
1124 883 1200 906 cura
1224 874 1372 915 gentibus

283 920 349 954 Ubi
373 920 452 953 felix
476 925 549 954 tuus
574 922 672 956 sinus.
968 922 1103 962 Semper
1126 922 1229 954 Deum
1257 922 1517 962 contemplando.

227 1016 257 1049 2.
285 1015 357 1048 Non
378 1017 538 1049 seminans
562 1027 626 1049 non
652 1018 780 1059 colligit,
908 1018 940 1050 5.
969 1018 1004 1050 Si
1027 1018 1109 1050 bene
1134 1018 1205 1058 quis
1229 1017 1399 1059 intellegit,

283 1063 463 1105 Recolligit,
490 1065 544 1105 qui
568 1065 713 1109 seminat,
965 1065 1016 1097 De
1040 1065 1187 1098 omnibus
1212 1074 1248 1098 se
1271 1068 1457 1106 praeparat,

284 1110 356 1142 Non
372 1112 515 1152 prudens
532 1115 591 1154 est,
617 1112 671 1153 qui
687 1113 837 1154 neglegit,
967 1113 1028 1153 Qui
1051 1113 1156 1145 Deum
1180 1114 1282 1155 timet,
1310 1113 1426 1155 diligit,

287 1157 352 1190 Sed
376 1159 517 1198 prudens
542 1163 600 1201 est,
626 1160 680 1200 qui
703 1161 825 1202 vigilat,
968 1161 1084 1202 Gred0‚
1103 1161 1189 1201 quod
1206 1170 1368 1201 nunquam
1387 1163 1529 1203 corruat,

287 1205 361 1237 Non
386 1209 496 1238 cautus
522 1210 580 1247 est,
607 1207 660 1247 qui
687 1208 814 1248 desinit,
967 1208 1030 1239 Ille
1053 1208 1190 1240 virtutes
1215 1209 1343 1250 meruit,

284 1254 419 1284 Astutus
445 1256 502 1297 est,
530 1255 584 1294 qui
608 1254 749 1287 festinat.
968 1255 1029 1294 Qui
1053 1264 1116 1287 non
1142 1256 1264 1287 servire
1291 1256 1410 1289 deviat.

228 1347 258 1379 3.
285 1347 385 1386 Quam
408 1349 506 1381 animi
529 1350 679 1383 nobilitas
910 1353 941 1385 6.
967 1351 1051 1383 Dum
1077 1355 1113 1383 tu
1136 1352 1294 1385 iucundus
1319 1361 1488 1392 permanes

284 1395 433 1427 Fratrem
458 1396 553 1429 fratri
576 1398 754 1438 indulgere,
966 1398 1013 1431 Et
1035 1402 1071 1431 tu
1096 1400 1178 1432 vivis
1202 1400 1409 1441 laetabunde,

284 1442 382 1482 Quam
407 1444 524 1476 nobilis
550 1448 599 1476 est
622 1446 726 1485 pietas
969 1447 1049 1479 Cum
1072 1450 1127 1479 tua
1150 1448 1237 1480 laeta
1263 1447 1374 1489 facies,

284 1489 432 1522 Fratrem
457 1490 552 1524 fratri
577 1493 756 1535 subvenire,
970 1493 1072 1526 Geras
1096 1495 1185 1535 inopi
1210 1496 1348 1537 abunde,

283 1538 381 1577 Quam
406 1540 546 1579 gratiosa
572 1541 687 1572 caritas
967 1542 1087 1574 Beatus
1113 1551 1157 1584 es,
1184 1544 1212 1575 si
1237 1543 1355 1584 paries,

284 1586 338 1617 Ad
363 1586 499 1619 virtutes
524 1596 602 1627 quos
628 1589 760 1620 docere!
969 1589 1040 1622 Deo
1065 1595 1174 1623 nostro
1200 1595 1234 1622 tu
1258 1591 1409 1623 iucunde.

289 1668 314 1702 5,
336 1668 353 1697 2
373 1671 460 1699 Lies:
480 1681 512 1700 se
531 1674 662 1709 separati

488 1774 535 1805 72.
575 1775 712 1814 Hymnus
735 1774 773 1807 de
794 1775 1008 1817 congitatione
1030 1778 1063 1808 et
1081 1777 1248 1817 regimine.

225 1860 257 1893 1.
283 1861 420 1894 Mortem
445 1872 503 1895 nos
527 1864 737 1905 imaginemur
906 1868 940 1902 3,
965 1867 1049 1899 Nam
1077 1868 1132 1908 qui
1156 1877 1192 1900 se
1217 1871 1305 1900 stare
1330 1869 1481 1901 aestimat

281 1908 433 1942 Nostrum
460 1911 580 1943 obitum
605 1916 766 1954 putantes,
965 1915 1025 1947 Vel
1050 1919 1146 1956 putat
1167 1925 1295 1957 semper
1321 1916 1441 1958 vivere,

283 1956 416 1997 Semper
439 1958 541 1990 Deum
569 1961 817 2001 contemplemur
965 1963 1003 1995 In
1028 1973 1142 1996 vanum
1166 1964 1239 2004 ipse
1265 1965 1394 2008 cogitat,

281 2005 391 2045 Ipsum
417 2007 513 2038 corde
536 2016 594 2039 nos
620 2012 773 2050 amantes,
965 2011 1049 2043 Nam
1074 2014 1183 2051 potest
1205 2013 1296 2051 mori,
1324 2021 1431 2054 ruere,

281 2049 391 2085 Nostri
417 2053 488 2086 finis
513 2064 723 2088 memoremur
965 2058 1000 2091 Si
1022 2059 1128 2100 ipsum
1153 2060 1224 2100 quis
1250 2060 1420 2102 intellegat

281 2100 348 2132 Nos
372 2105 505 2141 peccata
529 2104 722 2139 relaxantes,
964 2106 1010 2138 Et
1033 2108 1115 2140 nolit
1138 2117 1174 2140 se
1198 2108 1378 2149 neglegere.

224 2197 255 2230 2.
282 2197 365 2229 Nam
388 2199 476 2231 venit
498 2199 719 2243 infortunium,
908 2203 939 2237 4.
967 2203 1069 2236 Nemo
1095 2205 1182 2237 valet
1205 2206 1408 2248 praevidere,

283 2245 329 2277 Et.
351 2255 436 2278 mors
460 2247 594 2280 insultat
619 2249 734 2291 subito,
972 2252 1048 2291 Quis
1075 2261 1166 2286 casus
1192 2253 1256 2285 sibi
1280 2255 1423 2295 accidat,

284 2293 358 2326 Non
381 2295 499 2335 recipit
525 2297 710 2338 consilium;
968 2300 1072 2333 Nemo
1097 2304 1205 2341 potest
1231 2303 1405 2344 continere,

281 2342 305 2374 O
332 2351 426 2382 quam
451 2346 618 2387 tremesco,
647 2345 776 2379 dubito!
971 2348 1063 2387 Quod
1087 2349 1121 2381 in
1148 2350 1301 2383 delictum
1325 2351 1458 2394 incidat,

286 2390 362 2429 Quis
388 2391 454 2423 ruit
478 2392 510 2424 in
535 2393 688 2425 iudicium
970 2396 1073 2429 Deum
1101 2397 1198 2430 debet
1223 2399 1293 2439 quis
1316 2399 1432 2432 timere

278 2437 402 2470 Bonum
428 2440 480 2472 vel
505 2441 634 2482 malum,
661 2443 779 2475 nescio.
970 2444 1017 2476 Et
1040 2445 1220 2486 proximum
1246 2447 1300 2479 hic
1327 2448 1452 2488 diligat,
