1651 2700
678 138 942 173 —151-

157 229 188 263 3.
215 230 298 267 Ave,
327 230 404 270 dux,
432 232 486 272 qui
511 232 659 265 manibus
853 237 885 268 4.
912 236 994 275 Ave,
1021 235 1098 275 quia
1120 235 1258 275 pedibus

265 278 328 310 Pro
354 278 484 311 Christo
511 280 664 324 privaris,
962 282 1135 315 Gaudebas
1162 283 1323 315 truncatis

214 325 321 366 Digne
348 335 419 358 cum
445 328 646 368 martyribus
911 331 1002 363 Dans
1030 331 1196 371 exemplar
1220 331 1367 362 omnibus

264 373 393 406 Sanctis
419 375 588 418 laureatis,
960 380 1061 411 Forte
1084 378 1155 411 Deo
1181 379 1293 419 gratis,

214 420 265 453 Ne
292 422 483 463 submergar
509 423 659 456 sordibus
912 426 1058 458 Absolve
1082 436 1134 459 me
1158 426 1310 467 precibus

264 470 370 503 Huius
396 471 511 503 mundi
535 472 646 512 maris,
962 473 1093 506 Cunctis
1116 484 1136 507 a
1161 475 1306 515 peccatis

218 518 318 551 Salva
344 527 395 551 me
423 520 464 552 de
490 519 638 552 manibus
915 521 1143 562 virtutumque
1166 521 1302 554 floribus

265 566 468 600 Daemonum
494 568 613 601 avaris,
963 569 1096 601 Exorna
1120 570 1236 602 beatis.

548 646 581 678 5.
607 647 689 686 Ave,
720 645 774 685 qui
797 654 858 686 per
883 646 1039 686 gladium,

656 694 755 734 Quem
782 693 974 736 sustinuisti,

607 742 786 782 Complesti
811 742 1003 783 martyrium

655 789 745 822 Sicut
770 790 912 831 voluisti,

608 839 709 871 Omne
736 839 776 870 de
800 847 852 869 me
877 839 1007 870 noxium

654 886 758 926 Fuga,
785 886 870 926 quod
899 887 1019 928 vicisti⁷

604 934 734 966 Ducens
757 934 791 966 in
816 934 974 976 palatium

655 982 754 1023 Regni
783 983 859 1015 Iesu
886 981 1018 1014 Christi.

217 1056 243 1084 A
264 1056 314 1084 fol.
341 1054 375 1084 11
387 1058 415 1085 b.

589 1149 635 1181 76.
677 1150 718 1181 De
739 1149 848 1181 saneto
869 1148 1035 1181 Silvestro.

157 1230 184 1263 l.
210 1230 292 1270 Ave,
318 1228 522 1261 admirabilis
851 1232 883 1263 3.
911 1231 992 1272 Ave,
1020 1230 1073 1270 qui
1098 1229 1236 1262 mirifice

259 1277 417 1311 Silvester
442 1277 547 1320 beate,
959 1277 1202 1310 Constantinum
1230 1279 1343 1310 dmem

213 1326 337 1358 Lumen
364 1325 562 1358 venerabilis
911 1326 1072 1359 Conducis
1099 1326 1277 1358 catholicae

262 1373 359 1406 Vitae
384 1382 541 1415 spargens
566 1374 641 1418 late,
956 1374 1053 1406 Fidei
1080 1374 1123 1406 ad
1148 1374 1265 1415 lucem,

215 1421 293 1455 Cum
321 1422 393 1462 sim,
420 1422 493 1464 heu,
523 1422 705 1464 culpabilis,
907 1422 964 1455 Me
989 1431 1079 1454 reum
1104 1422 1145 1454 ad
1171 1422 1321 1462 publicae

261 1470 325 1502 Pro
352 1478 403 1501 me
428 1473 554 1502 scutum
582 1471 624 1502 da
650 1474 692 1510 te,
958 1471 1087 1503 Poenae
1112 1471 1177 1511 liga
1202 1479 1340 1507 erucem,

210 1518 291 1550 Post
316 1521 349 1550 te
374 1527 500 1550 curram
527 1518 654 1550 stabilis
907 1519 953 1552 Ut
977 1528 1083 1550 meum
1110 1517 1280 1559 magnifice

262 1566 366 1599 Cursu
393 1565 499 1598 famae
524 1569 648 1608 gratae.
957 1566 1091 1599 Vincam
1118 1567 1242 1599 hostem
1269 1570 1405 1600 trucem.

149 1644 182 1676 2.
210 1644 292 1685 Ave,
319 1652 415 1686 papa,
443 1644 576 1675 viduam
851 1646 883 1678 4.
911 1645 992 1682 Ave,
1018 1645 1073 1684 qui
1098 1645 1248 1685 legaliter

259 1691 388 1723 Fovens
415 1694 447 1723 et
472 1692 642 1733 pupillum,
956 1691 1127 1724 Convinois
1152 1692 1308 1725 Iudaeum

209 1737 344 1771 Famam
371 1738 438 1771 fers
465 1738 651 1772 mellifluam
906 1740 961 1773 Ad
988 1739 1085 1773 fidem
1111 1740 1287 1772 salubriter

258 1787 305 1820 Et
327 1788 436 1820 laudis
462 1788 627 1829 vexillum,
955 1788 1181 1821 Convertendo
1209 1798 1289 1829 eum,

210 1835 261 1868 Da
287 1839 364 1876 post
388 1837 515 1876 culpam
542 1834 663 1869 fatuam
907 1837 995 1881 Peto,
1026 1846 1082 1869 cor
1106 1837 1273 1878 velociter,

258 1884 343 1916 Mihi
370 1893 426 1917 cor
452 1885 673 1926 tranquillum,
955 1886 1039 1917 Mihi
1066 1886 1169 1918 redde
1195 1894 1310 1929 meum,

209 1932 256 1965 Ut
281 1933 410 1965 omnino
439 1933 602 1965 destruam
907 1934 971 1967 Per
996 1934 1082 1974 quod
1107 1933 1352 1967 multiformiter

256 1982 386 2014 Peccati
413 1982 565 2023 sigillum.
955 1982 1088 2015 1rritavi
1113 1982 1231 2016 Deum.

541 2061 574 2094 5.
600 2061 682 2101 Ave,
709 2060 765 2100 qui
791 2060 833 2092 ad
859 2061 975 2093 solium

646 2109 798 2142 Festinas
823 2109 972 2149 polorum

597 2156 643 2190 Et
666 2157 708 2189 ad
735 2157 923 2189 sodalitium

645 2206 829 2238 Praedulee
855 2208 1050 2246 sanctornm,

595 2254 677 2286 Mihi
706 2262 792 2286 nune
818 2254 1015 2286 consortium

643 2303 826 2335 Procurans
852 2302 1019 2342 bonorum,

595 2351 651 2383 Me
678 2351 739 2384 duo
765 2351 808 2383 ad
835 2351 1015 2383 convivium

646 2400 766 2432 Tecum
793 2400 992 2441 angelorum.

205 2455 232 2483 A
254 2456 306 2485 fol.
325 2454 342 2483 2
356 2457 385 2484 b.
