1651 2700
735 154 996 188 —112—

643 250 676 281 5.
701 248 781 288 Ave,
807 249 870 280 Dei
892 251 1014 295 civitas,

748 295 845 336 Virgo
870 306 1036 340 generosa,

699 342 768 374 Tua
793 346 842 375 est
865 345 1017 378 nativitas

747 390 870 423 Mundo
895 392 1069 434 fructuosa,

700 437 810 469 Omnis
833 447 893 478 per
916 443 949 471 te
973 440 1099 472 vanitas

745 484 828 516 Mihi
852 486 896 517 sit
920 495 1027 527 exosa,

698 531 816 564 Induat
839 541 890 564 me
915 534 1044 567 claritas

751 578 837 610 Caeli
861 581 1026 619 gaudiosa.

280 631 305 657 A
328 631 376 658 fol.
400 628 418 658 Ο
439 631 465 658 b.

623 716 663 747 15.
705 716 737 747 ln
760 717 1008 749 Annuntiatione
1028 719 1115 750 BMV.

218 771 250 804 1.
277 772 361 814 Ave,
389 782 471 813 quae
494 776 725 814 praeordinata
909 779 939 810 3.
967 780 1048 821 Ave,
1075 781 1164 820 virgo
1192 782 1305 821 dulcis,
1333 781 1398 821 pia,

324 820 410 852 Eras
436 824 511 852 ante
536 823 676 862 saecula,
1016 826 1040 858 Ο
1067 825 1147 858 felix
1173 828 1366 871 concipiens,

273 867 309 898 In
336 868 446 899 multis
472 868 699 912 praefigurata,
968 872 1043 904 Sola
1069 881 1141 905 mea
1166 883 1251 914 spes,
1277 875 1396 912 Maria,

324 915 423 956 Virgo
449 916 518 948 sine
543 918 679 958 macula,
1016 919 1143 952 Fovens
1170 924 1203 952 et
1226 920 1386 962 reficiens,

274 962 349 1000 Ora,
376 972 418 995 ne
442 973 514 996 mea
539 968 674 1005 peccata
969 967 1043 999 Non
1068 970 1101 999 te
1128 972 1234 1001 vertas
1260 979 1279 1001 a
1305 978 1366 1011 me,
1394 969 1467 1009 quia

322 1010 465 1051 Gignant,
487 1014 521 1044 in
548 1022 598 1044 me
621 1013 738 1054 iacula,
1015 1016 1070 1048 Ad
1095 1019 1129 1047 te
1155 1017 1255 1049 clamo
1282 1017 1404 1054 sitiens,

273 1057 338 1090 Sed
365 1059 446 1090 haec
471 1068 570 1099 prece
596 1061 669 1092 dele
693 1065 796 1101 grata,
968 1062 1018 1094 Ne
1039 1064 1148 1103 lapsus
1172 1065 1281 1096 iacens
1306 1065 1341 1096 in
1367 1065 1418 1097 via

323 1105 471 1138 Clemens
496 1116 515 1138 o
539 1108 719 1141 iuvencula.
1014 1111 1149 1143 Peream
1177 1111 1338 1144 deficiens.

242 1195 249 1203 .
278 1173 362 1215 Ave,
390 1172 491 1212 virgo,
518 1173 579 1204 tibi
602 1174 729 1213 pridem
907 1179 937 1208 4.
965 1177 1045 1218 Ave,
1074 1186 1155 1216 quae
1180 1187 1213 1209 es
1237 1178 1307 1210 Deo
1335 1179 1432 1219 digna

320 1219 457 1250 Missum
479 1220 613 1253 verbum
640 1230 784 1263 susc1pe;
1013 1222 1103 1255 Fieri
1126 1225 1312 1266 hospitium,

277 1266 361 1304 Quid
387 1266 549 1298 moraris?
579 1268 700 1307 praebe
725 1269 832 1310 fidem,
964 1271 1063 1303 Plaea
1087 1272 1175 1312 mihi,
1202 1282 1220 1304 o
1246 1273 1398 1314 benigna.

321 1313 384 1345 Dei
408 1317 520 1345 natum
547 1315 679 1355 concipe
1012 1318 1147 1350 Dulcem
1172 1323 1260 1352 tuum
1286 1320 1397 1365 filium,

273 1359 320 1391 Et
343 1359 484 1392 reforma
509 1370 561 1393 me
587 1362 691 1394 eidem
961 1365 1087 1406 Angelo
1112 1367 1196 1399 bono
1223 1369 1375 1409 consigna

322 1408 416 1439 Pacis
441 1412 569 1439 unctum
594 1410 691 1449 adipe
1010 1415 1076 1454 Me,
1104 1424 1122 1446 o
1148 1416 1241 1448 vallis
1267 1417 1382 1458 lilium,

274 1455 517 1495 Pauperemque
542 1459 629 1488 tuam
655 1458 784 1497 quidem
901 1485 910 1494 .
963 1460 1013 1492 N'e
1038 1462 1206 1495 subvertat
1230 1473 1280 1496 me
1305 1466 1444 1506 maligna

324 1501 389 1533 Sub
415 1503 547 1534 tutclam
573 1505 690 1544 recipe.
1009 1508 1113 1541 Fraus
1139 1520 1278 1543 meorum
1307 1513 1458 1548 hostium.

546 1573 568 1602 3.
597 1571 676 1614 Ave,
704 1572 805 1613 virgo,
831 1577 934 1605 mater
961 1575 1093 1616 Christi,

643 1619 728 1657 Quae
755 1620 862 1653 divino
889 1631 987 1661 opere

596 1666 654 1697 Pia
678 1665 743 1699 fide
769 1669 944 1709 concepisti

642 1715 747 1746 lesum
773 1716 843 1748 sine
869 1718 1003 1752 Venere,

595 1761 632 1792 In
657 1765 760 1794 morte
784 1772 835 1795 me
859 1765 936 1797 iuva
959 1766 1045 1797 tristi

640 1809 728 1841 Tuae
751 1812 858 1850 precis
883 1822 1024 1853 munere,

591 1855 644 1887 Da
668 1855 817 1898 fructum,
845 1869 936 1900 quem
963 1862 1114 1902 genuisti,

639 1904 695 1935 Me
719 1906 751 1936 in
779 1907 876 1939 caelis
900 1917 1028 1948 capere.

272 1954 299 1981 A
318 1955 368 1983 fol.
390 1954 408 1984 Ο
430 1957 458 1984 b.

619 2033 661 2064 16.
700 2034 736 2065 ln
757 2035 978 2068 Purificatione
997 2038 1085 2069 Bmv.

230 2110 241 2122 .
265 2089 346 2128 Ave,
373 2090 461 2122 Iesse
485 2092 619 2136 virgula,
897 2100 928 2132 2.
956 2100 1038 2138 Ave,
1068 2100 1149 2139 Iesu,
1175 2103 1322 2136 manibus

315 2136 456 2178 Fulgens
481 2140 577 2172 stella
600 2142 708 2185 maris,
1001 2146 1105 2180 Datus
1131 2148 1287 2182 Simeonis

265 2184 352 2223 Quae
378 2195 410 2218 es
435 2187 504 2219 sine
528 2190 663 2230 macula,
953 2195 982 2225 A
1008 2194 1221 2229 familiaribus

315 2232 378 2265 Cur
397 2235 602 2274 purificaris?
1000 2242 1135 2283 Templo
1160 2244 1351 2289 Salomonis,

266 2279 313 2312 Ob
339 2283 372 2313 te
396 2292 415 2314 a
439 2292 491 2315 me
512 2283 620 2317 facula
951 2289 1056 2329 Reple
1079 2300 1131 2323 me
1155 2293 1328 2326 virtutibus

313 2328 414 2362 Cedat
436 2331 611 2373 lupanaris,
1001 2337 1188 2379 ceterisque
1212 2340 1304 2374 bonis

263 2375 309 2407 Et
332 2375 508 2411 fecundent
531 2381 641 2412 oscula
951 2385 1072 2418 Locum
1098 2396 1169 2419 cum
1193 2387 1344 2422 felicibus

310 2424 405 2457 Vitae
427 2427 588 2461 salutaris.
998 2434 1039 2466 In
1064 2435 1145 2467 caeli
1170 2436 1250 2469 dans
1277 2438 1416 2476 thronis,
