<?xml version="1.0" encoding="UTF-8"?>
<!DOCTYPE html PUBLIC "-//W3C//DTD XHTML 1.0 Transitional//EN"
    "http://www.w3.org/TR/xhtml1/DTD/xhtml1-transitional.dtd">
<html xmlns="http://www.w3.org/1999/xhtml" xml:lang="en" lang="en">
 <head>
  <title>
</title>
<meta http-equiv="Content-Type" content="text/html;charset=utf-8" />
  <meta name='ocr-system' content='tesseract 3.04.00' />
  <meta name='ocr-capabilities' content='ocr_page ocr_carea ocr_par ocr_line ocrx_word'/>
</head>
<body>
  <div class='ocr_page' id='page_1' title='image "./analectahymnica41drevuoft_00265.png"; bbox 0 0 1651 2700; ppageno 0'>
   <div class='ocr_carea' id='block_1_1' title="bbox 711 151 968 186">
    <p class='ocr_par' dir='ltr' id='par_1_1' title="bbox 711 151 968 186">
     <span class='ocr_line' id='line_1_1' title="bbox 711 151 968 186; baseline 0.004 -1"><span class='ocrx_word' id='word_1_1' title='bbox 711 151 968 186; x_wconf 86' lang='lat'>-262—</span> 
     </span>
    </p>
   </div>
   <div class='ocr_carea' id='block_1_2' title="bbox 206 248 765 527">
    <p class='ocr_par' dir='ltr' id='par_1_2' title="bbox 206 248 765 527">
     <span class='ocr_line' id='line_1_2' title="bbox 206 248 734 285; baseline -0.008 -3"><span class='ocrx_word' id='word_1_2' title='bbox 206 250 237 283; x_wconf 85' lang='lat'>3.</span> <span class='ocrx_word' id='word_1_3' title='bbox 264 250 331 282; x_wconf 85' lang='lat' dir='ltr'>Nos</span> <span class='ocrx_word' id='word_1_4' title='bbox 355 249 513 281; x_wconf 83' lang='lat' dir='ltr'>laetanter</span> <span class='ocrx_word' id='word_1_5' title='bbox 537 248 734 285; x_wconf 82' lang='lat' dir='ltr'>recedamus,</span> 
     </span>
     <span class='ocr_line' id='line_1_3' title="bbox 262 295 754 335; baseline -0.006 -6"><span class='ocrx_word' id='word_1_6' title='bbox 262 298 329 330; x_wconf 86' lang='lat' dir='ltr'>Iam</span> <span class='ocrx_word' id='word_1_7' title='bbox 355 296 495 329; x_wconf 84' lang='lat' dir='ltr'>contenti</span> <span class='ocrx_word' id='word_1_8' title='bbox 519 299 623 328; x_wconf 86' lang='lat' dir='ltr'>morte</span> <span class='ocrx_word' id='word_1_9' title='bbox 647 295 754 335; x_wconf 83' lang='lat' dir='ltr'>simuS,</span> 
     </span>
     <span class='ocr_line' id='line_1_4' title="bbox 259 343 717 385; baseline -0.004 -8"><span class='ocrx_word' id='word_1_10' title='bbox 259 344 326 377; x_wconf 84' lang='lat' dir='ltr'>Nos</span> <span class='ocrx_word' id='word_1_11' title='bbox 351 347 479 377; x_wconf 87' lang='lat' dir='ltr'>terrena</span> <span class='ocrx_word' id='word_1_12' title='bbox 502 343 717 385; x_wconf 71' lang='lat' dir='ltr'>disponamus,</span> 
     </span>
     <span class='ocr_line' id='line_1_5' title="bbox 259 390 728 433; baseline -0.004 -9"><span class='ocrx_word' id='word_1_13' title='bbox 259 391 340 424; x_wconf 90' lang='lat' dir='ltr'>Sunt</span> <span class='ocrx_word' id='word_1_14' title='bbox 363 392 396 423; x_wconf 87' lang='lat' dir='ltr'>in</span> <span class='ocrx_word' id='word_1_15' title='bbox 418 392 463 423; x_wconf 91' lang='lat' dir='ltr'>eis</span> <span class='ocrx_word' id='word_1_16' title='bbox 485 390 600 433; x_wconf 88' lang='lat' dir='ltr'>foetor,</span> <span class='ocrx_word' id='word_1_17' title='bbox 625 390 728 431; x_wconf 91' lang='lat' dir='ltr'>fimus,</span> 
     </span>
     <span class='ocr_line' id='line_1_6' title="bbox 260 439 765 482; baseline -0.002 -11"><span class='ocrx_word' id='word_1_18' title='bbox 260 439 362 471; x_wconf 89' lang='lat' dir='ltr'>Deum</span> <span class='ocrx_word' id='word_1_19' title='bbox 388 441 531 471; x_wconf 85' lang='lat' dir='ltr'>sanctum</span> <span class='ocrx_word' id='word_1_20' title='bbox 556 439 765 482; x_wconf 80' lang='lat' dir='ltr'><strong>requiramus,</strong></span> 
     </span>
     <span class='ocr_line' id='line_1_7' title="bbox 262 487 762 527; baseline -0.002 -8"><span class='ocrx_word' id='word_1_21' title='bbox 262 487 322 526; x_wconf 81' lang='lat' dir='ltr'>Qui</span> <span class='ocrx_word' id='word_1_22' title='bbox 348 490 473 519; x_wconf 88' lang='lat' dir='ltr'>creator</span> <span class='ocrx_word' id='word_1_23' title='bbox 497 489 606 519; x_wconf 89' lang='lat' dir='ltr'>noster</span> <span class='ocrx_word' id='word_1_24' title='bbox 631 487 762 527; x_wconf 67' lang='lat' dir='ltr'>primus</span> 
     </span>
    </p>
   </div>
   <div class='ocr_carea' id='block_1_3' title="bbox 883 244 1500 526">
    <p class='ocr_par' dir='ltr' id='par_1_3' title="bbox 883 244 1500 526">
     <span class='ocr_line' id='line_1_8' title="bbox 883 244 1363 286; baseline -0.008 -6"><span class='ocrx_word' id='word_1_25' title='bbox 883 250 917 280; x_wconf 84' lang='lat'>4.</span> <span class='ocrx_word' id='word_1_26' title='bbox 944 247 1053 286; x_wconf 79' lang='lat' dir='ltr'>Qualis</span> <span class='ocrx_word' id='word_1_27' title='bbox 1078 247 1140 278; x_wconf 88' lang='lat' dir='ltr'>erit</span> <span class='ocrx_word' id='word_1_28' title='bbox 1164 254 1253 278; x_wconf 90' lang='lat' dir='ltr'>meus</span> <span class='ocrx_word' id='word_1_29' title='bbox 1277 244 1363 286; x_wconf 88' lang='lat' dir='ltr'>finis,</span> 
     </span>
     <span class='ocr_line' id='line_1_9' title="bbox 942 293 1393 334; baseline -0.007 -7"><span class='ocrx_word' id='word_1_30' title='bbox 942 295 1008 328; x_wconf 89' lang='lat' dir='ltr'>Ubi</span> <span class='ocrx_word' id='word_1_31' title='bbox 1032 295 1084 326; x_wconf 86' lang='lat' dir='ltr'>vel</span> <span class='ocrx_word' id='word_1_32' title='bbox 1110 293 1248 334; x_wconf 88' lang='lat' dir='ltr'>quando,</span> <span class='ocrx_word' id='word_1_33' title='bbox 1274 293 1393 333; x_wconf 88' lang='lat' dir='ltr'>nescio,</span> 
     </span>
     <span class='ocr_line' id='line_1_10' title="bbox 942 339 1500 384; baseline -0.007 -9"><span class='ocrx_word' id='word_1_34' title='bbox 942 343 999 375; x_wconf 80' lang='lat' dir='ltr'>Me</span> <span class='ocrx_word' id='word_1_35' title='bbox 1025 350 1189 384; x_wconf 80' lang='lat' dir='ltr'>cognosco,</span> <span class='ocrx_word' id='word_1_36' title='bbox 1217 341 1302 382; x_wconf 85' lang='lat' dir='ltr'>quod</span> <span class='ocrx_word' id='word_1_37' title='bbox 1320 350 1390 372; x_wconf 90' lang='lat' dir='ltr'>sum</span> <span class='ocrx_word' id='word_1_38' title='bbox 1409 339 1500 380; x_wconf 82' lang='lat' dir='ltr'>cinis,</span> 
     </span>
     <span class='ocr_line' id='line_1_11' title="bbox 941 389 1338 432; baseline -0.008 -9"><span class='ocrx_word' id='word_1_39' title='bbox 941 390 1010 423; x_wconf 91' lang='lat' dir='ltr'>Deo</span> <span class='ocrx_word' id='word_1_40' title='bbox 1036 390 1167 432; x_wconf 83' lang='lat' dir='ltr'>peccavi</span> <span class='ocrx_word' id='word_1_41' title='bbox 1188 389 1338 430; x_wconf 85' lang='lat' dir='ltr'>Domino,</span> 
     </span>
     <span class='ocr_line' id='line_1_12' title="bbox 942 435 1483 479; baseline -0.007 -8"><span class='ocrx_word' id='word_1_42' title='bbox 942 439 1062 471; x_wconf 84' lang='lat' dir='ltr'>Vivens</span> <span class='ocrx_word' id='word_1_43' title='bbox 1087 446 1213 479; x_wconf 86' lang='lat' dir='ltr'>pungor</span> <span class='ocrx_word' id='word_1_44' title='bbox 1235 436 1344 468; x_wconf 91' lang='lat' dir='ltr'>multis</span> <span class='ocrx_word' id='word_1_45' title='bbox 1371 435 1483 476; x_wconf 85' lang='lat' dir='ltr'>spinis,</span> 
     </span>
     <span class='ocr_line' id='line_1_13' title="bbox 943 484 1468 526; baseline -0.008 -7"><span class='ocrx_word' id='word_1_46' title='bbox 943 487 1018 519; x_wconf 87' lang='lat' dir='ltr'>Sum</span> <span class='ocrx_word' id='word_1_47' title='bbox 1046 486 1160 526; x_wconf 85' lang='lat' dir='ltr'>dignus</span> <span class='ocrx_word' id='word_1_48' title='bbox 1184 494 1286 525; x_wconf 90' lang='lat' dir='ltr'>parvo</span> <span class='ocrx_word' id='word_1_49' title='bbox 1312 484 1468 525; x_wconf 83' lang='lat' dir='ltr'>praemio.</span> 
     </span>
    </p>
   </div>
   <div class='ocr_carea' id='block_1_4' title="bbox 528 582 1100 853">
    <p class='ocr_par' dir='ltr' id='par_1_4' title="bbox 528 582 1100 767">
     <span class='ocr_line' id='line_1_14' title="bbox 528 582 1100 616; baseline -0.003 -1"><span class='ocrx_word' id='word_1_50' title='bbox 528 585 558 616; x_wconf 85' lang='lat'>5.</span> <span class='ocrx_word' id='word_1_51' title='bbox 585 582 670 614; x_wconf 90' lang='lat' dir='ltr'>Dum</span> <span class='ocrx_word' id='word_1_52' title='bbox 695 591 752 614; x_wconf 91' lang='lat' dir='ltr'>nos</span> <span class='ocrx_word' id='word_1_53' title='bbox 777 582 909 613; x_wconf 89' lang='lat' dir='ltr'>iuvenes</span> <span class='ocrx_word' id='word_1_54' title='bbox 934 590 1100 614; x_wconf 88' lang='lat' dir='ltr'>manemus</span> 
     </span>
     <span class='ocr_line' id='line_1_15' title="bbox 580 629 1040 670; baseline -0.004 -8"><span class='ocrx_word' id='word_1_55' title='bbox 580 630 626 662; x_wconf 85' lang='lat' dir='ltr'>Et</span> <span class='ocrx_word' id='word_1_56' title='bbox 650 630 720 662; x_wconf 81' lang='lat' dir='ltr'>sani</span> <span class='ocrx_word' id='word_1_57' title='bbox 744 639 802 662; x_wconf 93' lang='lat' dir='ltr'>nos</span> <span class='ocrx_word' id='word_1_58' title='bbox 829 629 1040 670; x_wconf 83' lang='lat' dir='ltr'>consistimus,</span> 
     </span>
     <span class='ocr_line' id='line_1_16' title="bbox 580 677 1054 716; baseline -0.004 -7"><span class='ocrx_word' id='word_1_59' title='bbox 580 677 647 709; x_wconf 79' lang='lat' dir='ltr'>Nos</span> <span class='ocrx_word' id='word_1_60' title='bbox 672 678 714 709; x_wconf 89' lang='lat' dir='ltr'>ad</span> <span class='ocrx_word' id='word_1_61' title='bbox 740 677 843 709; x_wconf 89' lang='lat' dir='ltr'>Deum</span> <span class='ocrx_word' id='word_1_62' title='bbox 868 677 1054 716; x_wconf 83' lang='lat' dir='ltr'>vigilemus3</span> 
     </span>
     <span class='ocr_line' id='line_1_17' title="bbox 579 724 936 767; baseline -0.006 -10"><span class='ocrx_word' id='word_1_63' title='bbox 579 725 682 767; x_wconf 85' lang='lat' dir='ltr'>Beati,</span> <span class='ocrx_word' id='word_1_64' title='bbox 709 725 736 756; x_wconf 90' lang='lat' dir='ltr'>si</span> <span class='ocrx_word' id='word_1_65' title='bbox 763 724 936 765; x_wconf 83' lang='lat' dir='ltr'>diligimus,</span> 
     </span>
    </p>

    <p class='ocr_par' dir='ltr' id='par_1_5' title="bbox 580 772 1051 853">
     <span class='ocr_line' id='line_1_18' title="bbox 580 772 1051 812; baseline 0 -9"><span class='ocrx_word' id='word_1_66' title='bbox 580 772 632 804; x_wconf 92' lang='lat' dir='ltr'>Ad</span> <span class='ocrx_word' id='word_1_67' title='bbox 659 772 794 803; x_wconf 89' lang='lat' dir='ltr'>virtutes</span> <span class='ocrx_word' id='word_1_68' title='bbox 819 781 877 803; x_wconf 91' lang='lat' dir='ltr'>nos</span> <span class='ocrx_word' id='word_1_69' title='bbox 901 780 1051 812; x_wconf 88' lang='lat' dir='ltr'>paremus</span> 
     </span>
     <span class='ocr_line' id='line_1_19' title="bbox 582 818 1019 853; baseline 0.002 -3"><span class='ocrx_word' id='word_1_70' title='bbox 582 820 741 851; x_wconf 85' lang='lat' dir='ltr'>Pellentes</span> <span class='ocrx_word' id='word_1_71' title='bbox 768 828 860 851; x_wconf 90' lang='lat' dir='ltr'>omne</span> <span class='ocrx_word' id='word_1_72' title='bbox 884 818 1019 853; x_wconf 84' lang='lat' dir='ltr'>facinus,</span> 
     </span>
    </p>
   </div>
   <div class='ocr_carea' id='block_1_5' title="bbox 265 903 589 940">
    <p class='ocr_par' dir='ltr' id='par_1_6' title="bbox 265 903 589 940">
     <span class='ocr_line' id='line_1_20' title="bbox 265 903 589 940; baseline 0.003 -9"><span class='ocrx_word' id='word_1_73' title='bbox 265 903 291 938; x_wconf 87' lang='lat'>4,</span> <span class='ocrx_word' id='word_1_74' title='bbox 312 903 329 931; x_wconf 85' lang='lat'><strong>7</strong></span> <span class='ocrx_word' id='word_1_75' title='bbox 350 913 441 940; x_wconf 82' lang='lat' dir='ltr'>pavor</span> <span class='ocrx_word' id='word_1_76' title='bbox 461 905 589 940; x_wconf 88' lang='lat' dir='ltr'>praemio</span> 
     </span>
    </p>
   </div>
   <div class='ocr_carea' id='block_1_6' title="bbox 569 1005 1111 1045">
    <p class='ocr_par' dir='ltr' id='par_1_7' title="bbox 569 1005 1111 1045">
     <span class='ocr_line' id='line_1_21' title="bbox 569 1005 1111 1045; baseline 0 -9"><span class='ocrx_word' id='word_1_77' title='bbox 569 1006 634 1036; x_wconf 81' lang='lat'><strong>124.</strong></span> <span class='ocrx_word' id='word_1_78' title='bbox 674 1006 810 1045; x_wconf 71' lang='lat' dir='ltr'>Hymnus</span> <span class='ocrx_word' id='word_1_79' title='bbox 833 1005 915 1037; x_wconf 80' lang='lat' dir='ltr'>alius</span> <span class='ocrx_word' id='word_1_80' title='bbox 937 1006 974 1037; x_wconf 82' lang='lat' dir='ltr'>‹le</span> <span class='ocrx_word' id='word_1_81' title='bbox 995 1006 1111 1037; x_wconf 78' lang='lat' dir='ltr'>eodem.</span> 
     </span>
    </p>
   </div>
   <div class='ocr_carea' id='block_1_7' title="bbox 197 1096 752 1373">
    <p class='ocr_par' dir='ltr' id='par_1_8' title="bbox 197 1096 752 1373">
     <span class='ocr_line' id='line_1_22' title="bbox 197 1096 705 1129; baseline -0.004 0"><span class='ocrx_word' id='word_1_82' title='bbox 197 1097 229 1129; x_wconf 84' lang='grc'>1.</span> <span class='ocrx_word' id='word_1_83' title='bbox 255 1096 434 1128; x_wconf 79' lang='lat' dir='ltr'>Redeamus</span> <span class='ocrx_word' id='word_1_84' title='bbox 456 1105 514 1127; x_wconf 93' lang='lat' dir='ltr'>nos</span> <span class='ocrx_word' id='word_1_85' title='bbox 537 1097 577 1128; x_wconf 87' lang='lat' dir='ltr'>ad</span> <span class='ocrx_word' id='word_1_86' title='bbox 603 1096 705 1127; x_wconf 82' lang='lat' dir='ltr'>Deum</span> 
     </span>
     <span class='ocr_line' id='line_1_23' title="bbox 256 1143 705 1186; baseline -0.002 -11"><span class='ocrx_word' id='word_1_87' title='bbox 256 1143 475 1183; x_wconf 82' lang='lat' dir='ltr'>Nesmetipsos</span> <span class='ocrx_word' id='word_1_88' title='bbox 502 1143 705 1186; x_wconf 77' lang='lat' dir='ltr'>corrigentes,</span> 
     </span>
     <span class='ocr_line' id='line_1_24' title="bbox 254 1190 651 1222; baseline 0 0"><span class='ocrx_word' id='word_1_89' title='bbox 254 1190 434 1222; x_wconf 81' lang='lat' dir='ltr'>Timeamus</span> <span class='ocrx_word' id='word_1_90' title='bbox 460 1191 556 1222; x_wconf 86' lang='lat' dir='ltr'>corde</span> <span class='ocrx_word' id='word_1_91' title='bbox 581 1200 651 1222; x_wconf 93' lang='lat' dir='ltr'>eum</span> 
     </span>
     <span class='ocr_line' id='line_1_25' title="bbox 254 1237 657 1280; baseline 0 -11"><span class='ocrx_word' id='word_1_92' title='bbox 254 1239 363 1278; x_wconf 88' lang='lat' dir='ltr'>Ipsum</span> <span class='ocrx_word' id='word_1_93' title='bbox 388 1237 453 1270; x_wconf 90' lang='lat' dir='ltr'>fide</span> <span class='ocrx_word' id='word_1_94' title='bbox 479 1238 657 1280; x_wconf 83' lang='lat' dir='ltr'>diligentes,</span> 
     </span>
     <span class='ocr_line' id='line_1_26' title="bbox 257 1284 748 1326; baseline 0 -9"><span class='ocrx_word' id='word_1_95' title='bbox 257 1284 449 1318; x_wconf 87' lang='lat' dir='ltr'>Habitantes</span> <span class='ocrx_word' id='word_1_96' title='bbox 474 1295 531 1317; x_wconf 88' lang='lat' dir='ltr'>nos</span> <span class='ocrx_word' id='word_1_97' title='bbox 553 1295 612 1326; x_wconf 88' lang='lat' dir='ltr'>per</span> <span class='ocrx_word' id='word_1_98' title='bbox 637 1295 748 1318; x_wconf 85' lang='lat' dir='ltr'>aevum</span> 
     </span>
     <span class='ocr_line' id='line_1_27' title="bbox 257 1332 752 1373; baseline 0.004 -9"><span class='ocrx_word' id='word_1_99' title='bbox 257 1332 329 1364; x_wconf 85' lang='lat' dir='ltr'>Non</span> <span class='ocrx_word' id='word_1_100' title='bbox 354 1332 494 1364; x_wconf 78' lang='lat' dir='ltr'>furorem</span> <span class='ocrx_word' id='word_1_101' title='bbox 520 1336 752 1373; x_wconf 83' lang='lat' dir='ltr'>exspectantes.</span> 
     </span>
    </p>
   </div>
   <div class='ocr_carea' id='block_1_8' title="bbox 195 1428 737 1705">
    <p class='ocr_par' dir='ltr' id='par_1_9' title="bbox 195 1428 737 1705">
     <span class='ocr_line' id='line_1_28' title="bbox 195 1428 641 1467; baseline 0 -8"><span class='ocrx_word' id='word_1_102' title='bbox 195 1429 227 1460; x_wconf 85' lang='lat'>2.</span> <span class='ocrx_word' id='word_1_103' title='bbox 253 1428 434 1467; x_wconf 83' lang='lat' dir='ltr'>Antequam</span> <span class='ocrx_word' id='word_1_104' title='bbox 458 1428 507 1459; x_wconf 89' lang='lat' dir='ltr'>ira</span> <span class='ocrx_word' id='word_1_105' title='bbox 532 1428 641 1459; x_wconf 89' lang='lat' dir='ltr'>veniat</span> 
     </span>
     <span class='ocr_line' id='line_1_29' title="bbox 254 1475 669 1516; baseline 0.002 -10"><span class='ocrx_word' id='word_1_106' title='bbox 254 1475 335 1506; x_wconf 89' lang='lat' dir='ltr'>Nam</span> <span class='ocrx_word' id='word_1_107' title='bbox 361 1475 422 1507; x_wconf 91' lang='lat' dir='ltr'>Dei</span> <span class='ocrx_word' id='word_1_108' title='bbox 446 1476 669 1516; x_wconf 83' lang='lat' dir='ltr'>potentissirm,</span> 
     </span>
     <span class='ocr_line' id='line_1_30' title="bbox 251 1522 698 1560; baseline 0.002 -6"><span class='ocrx_word' id='word_1_109' title='bbox 251 1523 304 1554; x_wconf 91' lang='lat' dir='ltr'>Ad</span> <span class='ocrx_word' id='word_1_110' title='bbox 330 1522 433 1554; x_wconf 90' lang='lat' dir='ltr'>Deum</span> <span class='ocrx_word' id='word_1_111' title='bbox 458 1523 551 1555; x_wconf 91' lang='lat' dir='ltr'>homo</span> <span class='ocrx_word' id='word_1_112' title='bbox 576 1524 698 1560; x_wconf 77' lang='lat' dir='ltr'>redeat,</span> 
     </span>
     <span class='ocr_line' id='line_1_31' title="bbox 252 1570 679 1614; baseline 0.002 -13"><span class='ocrx_word' id='word_1_113' title='bbox 252 1570 296 1602; x_wconf 92' lang='lat' dir='ltr'>Et</span> <span class='ocrx_word' id='word_1_114' title='bbox 319 1570 364 1601; x_wconf 89' lang='lat' dir='ltr'>sit</span> <span class='ocrx_word' id='word_1_115' title='bbox 388 1570 506 1602; x_wconf 88' lang='lat' dir='ltr'>amicus</span> <span class='ocrx_word' id='word_1_116' title='bbox 531 1571 679 1614; x_wconf 83' lang='lat' dir='ltr'>proximi,</span> 
     </span>
     <span class='ocr_line' id='line_1_32' title="bbox 256 1616 737 1660; baseline 0.002 -10"><span class='ocrx_word' id='word_1_117' title='bbox 256 1618 364 1650; x_wconf 91' lang='lat' dir='ltr'>Omnis</span> <span class='ocrx_word' id='word_1_118' title='bbox 388 1618 481 1650; x_wconf 94' lang='lat' dir='ltr'>homo</span> <span class='ocrx_word' id='word_1_119' title='bbox 508 1616 589 1660; x_wconf 89' lang='lat' dir='ltr'>[hic]</span> <span class='ocrx_word' id='word_1_120' title='bbox 615 1620 737 1660; x_wconf 86' lang='lat' dir='ltr'>timeat,</span> 
     </span>
     <span class='ocr_line' id='line_1_33' title="bbox 252 1665 661 1705; baseline 0.005 -9"><span class='ocrx_word' id='word_1_121' title='bbox 252 1665 394 1697; x_wconf 88' lang='lat' dir='ltr'>Vitemus</span> <span class='ocrx_word' id='word_1_122' title='bbox 419 1669 530 1705; x_wconf 88' lang='lat' dir='ltr'>portas</span> <span class='ocrx_word' id='word_1_123' title='bbox 554 1665 661 1699; x_wconf 84' lang='lat' dir='ltr'>inferi.</span> 
     </span>
    </p>
   </div>
   <div class='ocr_carea' id='block_1_9' title="bbox 880 1096 1497 1369">
    <p class='ocr_par' dir='ltr' id='par_1_10' title="bbox 880 1096 1497 1369">
     <span class='ocr_line' id='line_1_34' title="bbox 880 1096 1497 1136; baseline 0 -7"><span class='ocrx_word' id='word_1_124' title='bbox 880 1098 910 1129; x_wconf 85' lang='lat'>3.</span> <span class='ocrx_word' id='word_1_125' title='bbox 938 1096 1006 1128; x_wconf 69' lang='lat' dir='ltr'>Nos</span> <span class='ocrx_word' id='word_1_126' title='bbox 1044 1096 1215 1136; x_wconf 89' lang='lat' dir='ltr'>perdemus</span> <span class='ocrx_word' id='word_1_127' title='bbox 1240 1105 1295 1128; x_wconf 84' lang='lat' dir='ltr'>res</span> <span class='ocrx_word' id='word_1_128' title='bbox 1317 1097 1497 1129; x_wconf 85' lang='lat' dir='ltr'>mundanas</span> 
     </span>
     <span class='ocr_line' id='line_1_35' title="bbox 936 1143 1467 1188; baseline 0 -12"><span class='ocrx_word' id='word_1_129' title='bbox 936 1144 981 1176; x_wconf 88' lang='lat' dir='ltr'>Et</span> <span class='ocrx_word' id='word_1_130' title='bbox 1008 1144 1128 1184; x_wconf 86' lang='lat' dir='ltr'>domos,</span> <span class='ocrx_word' id='word_1_131' title='bbox 1156 1153 1297 1188; x_wconf 90' lang='lat' dir='ltr'>campos,</span> <span class='ocrx_word' id='word_1_132' title='bbox 1324 1143 1467 1186; x_wconf 88' lang='lat' dir='ltr'>arbores,</span> 
     </span>
     <span class='ocr_line' id='line_1_36' title="bbox 937 1191 1449 1232; baseline 0.002 -10"><span class='ocrx_word' id='word_1_133' title='bbox 937 1191 1002 1223; x_wconf 80' lang='lat' dir='ltr'>Res</span> <span class='ocrx_word' id='word_1_134' title='bbox 1028 1195 1215 1231; x_wconf 84' lang='lat' dir='ltr'>praesentes</span> <span class='ocrx_word' id='word_1_135' title='bbox 1241 1192 1312 1224; x_wconf 85' lang='lat' dir='ltr'>dico</span> <span class='ocrx_word' id='word_1_136' title='bbox 1337 1201 1449 1232; x_wconf 83' lang='lat' dir='ltr'>vanas,</span> 
     </span>
     <span class='ocr_line' id='line_1_37' title="bbox 937 1240 1410 1280; baseline 0.002 -10"><span class='ocrx_word' id='word_1_137' title='bbox 937 1240 1131 1279; x_wconf 82' lang='lat' dir='ltr'>Quaeramus</span> <span class='ocrx_word' id='word_1_138' title='bbox 1154 1249 1205 1271; x_wconf 90' lang='lat' dir='ltr'>res</span> <span class='ocrx_word' id='word_1_139' title='bbox 1233 1240 1410 1280; x_wconf 88' lang='lat' dir='ltr'>durabiles,</span> 
     </span>
     <span class='ocr_line' id='line_1_38' title="bbox 936 1287 1401 1320; baseline 0.004 -2"><span class='ocrx_word' id='word_1_140' title='bbox 936 1287 1001 1319; x_wconf 84' lang='lat' dir='ltr'>Res</span> <span class='ocrx_word' id='word_1_141' title='bbox 1027 1288 1180 1319; x_wconf 86' lang='lat' dir='ltr'>caelestes</span> <span class='ocrx_word' id='word_1_142' title='bbox 1208 1288 1279 1320; x_wconf 89' lang='lat' dir='ltr'>dico</span> <span class='ocrx_word' id='word_1_143' title='bbox 1306 1297 1401 1320; x_wconf 86' lang='lat' dir='ltr'>sanas</span> 
     </span>
     <span class='ocr_line' id='line_1_39' title="bbox 935 1334 1344 1369; baseline 0.002 -3"><span class='ocrx_word' id='word_1_144' title='bbox 935 1334 981 1366; x_wconf 89' lang='lat' dir='ltr'>Et</span> <span class='ocrx_word' id='word_1_145' title='bbox 1004 1335 1098 1366; x_wconf 88' lang='lat' dir='ltr'>nimis</span> <span class='ocrx_word' id='word_1_146' title='bbox 1126 1335 1344 1369; x_wconf 82' lang='lat' dir='ltr'>delectabiles.</span> 
     </span>
    </p>
   </div>
   <div class='ocr_carea' id='block_1_10' title="bbox 877 1431 1436 1472">
    <p class='ocr_par' dir='ltr' id='par_1_11' title="bbox 877 1431 1436 1472">
     <span class='ocr_line' id='line_1_40' title="bbox 877 1431 1436 1472; baseline 0.005 -11"><span class='ocrx_word' id='word_1_147' title='bbox 877 1431 909 1462; x_wconf 86' lang='lat'>4.</span> <span class='ocrx_word' id='word_1_148' title='bbox 936 1431 1002 1462; x_wconf 88' lang='lat' dir='ltr'>Iam</span> <span class='ocrx_word' id='word_1_149' title='bbox 1030 1431 1167 1462; x_wconf 87' lang='lat' dir='ltr'>terrenis</span> <span class='ocrx_word' id='word_1_150' title='bbox 1193 1431 1270 1471; x_wconf 87' lang='lat' dir='ltr'>quid</span> <span class='ocrx_word' id='word_1_151' title='bbox 1297 1432 1436 1472; x_wconf 90' lang='lat' dir='ltr'>superbo</span> 
     </span>
    </p>
   </div>
   <div class='ocr_carea' id='block_1_11' title="bbox 936 1477 1452 1705">
    <p class='ocr_par' dir='ltr' id='par_1_12' title="bbox 936 1477 1452 1705">
     <span class='ocr_line' id='line_1_41' title="bbox 936 1477 1417 1521; baseline 0.004 -12"><span class='ocrx_word' id='word_1_152' title='bbox 936 1477 981 1509; x_wconf 88' lang='lat' dir='ltr'>Et</span> <span class='ocrx_word' id='word_1_153' title='bbox 1005 1478 1174 1510; x_wconf 88' lang='lat' dir='ltr'>mundanis</span> <span class='ocrx_word' id='word_1_154' title='bbox 1200 1479 1277 1518; x_wconf 88' lang='lat' dir='ltr'>quid</span> <span class='ocrx_word' id='word_1_155' title='bbox 1305 1480 1417 1521; x_wconf 86' lang='lat' dir='ltr'>elatus,</span> 
     </span>
     <span class='ocr_line' id='line_1_42' title="bbox 936 1525 1327 1570; baseline 0.008 -14"><span class='ocrx_word' id='word_1_156' title='bbox 936 1525 1014 1565; x_wconf 86' lang='lat' dir='ltr'>Ipsa</span> <span class='ocrx_word' id='word_1_157' title='bbox 1036 1526 1102 1557; x_wconf 83' lang='lat' dir='ltr'>ruit</span> <span class='ocrx_word' id='word_1_158' title='bbox 1129 1535 1191 1558; x_wconf 89' lang='lat' dir='ltr'>uno</span> <span class='ocrx_word' id='word_1_159' title='bbox 1219 1527 1327 1570; x_wconf 88' lang='lat' dir='ltr'>verbo,</span> 
     </span>
     <span class='ocr_line' id='line_1_43' title="bbox 936 1573 1452 1616; baseline 0.006 -12"><span class='ocrx_word' id='word_1_160' title='bbox 936 1573 1052 1606; x_wconf 88' lang='lat' dir='ltr'>Parum</span> <span class='ocrx_word' id='word_1_161' title='bbox 1082 1574 1178 1605; x_wconf 91' lang='lat' dir='ltr'>durat</span> <span class='ocrx_word' id='word_1_162' title='bbox 1201 1574 1315 1606; x_wconf 83' lang='lat' dir='ltr'>horum</span> <span class='ocrx_word' id='word_1_163' title='bbox 1340 1579 1452 1616; x_wconf 84' lang='lat' dir='ltr'>status,</span> 
     </span>
     <span class='ocr_line' id='line_1_44' title="bbox 938 1620 1445 1664; baseline 0.008 -12"><span class='ocrx_word' id='word_1_164' title='bbox 938 1620 1010 1652; x_wconf 78' lang='lat' dir='ltr'>Non</span> <span class='ocrx_word' id='word_1_165' title='bbox 1037 1630 1206 1661; x_wconf 88' lang='lat' dir='ltr'>sequamur</span> <span class='ocrx_word' id='word_1_166' title='bbox 1231 1623 1334 1662; x_wconf 89' lang='lat' dir='ltr'>ipsam</span> <span class='ocrx_word' id='word_1_167' title='bbox 1359 1632 1445 1664; x_wconf 86' lang='lat' dir='ltr'>ergo,</span> 
     </span>
     <span class='ocr_line' id='line_1_45' title="bbox 938 1668 1408 1705; baseline 0.011 -6"><span class='ocrx_word' id='word_1_168' title='bbox 938 1668 1040 1700; x_wconf 84' lang='lat' dir='ltr'>Nemo</span> <span class='ocrx_word' id='word_1_169' title='bbox 1066 1670 1131 1700; x_wconf 90' lang='lat' dir='ltr'>illis</span> <span class='ocrx_word' id='word_1_170' title='bbox 1156 1670 1199 1701; x_wconf 91' lang='lat' dir='ltr'>sit</span> <span class='ocrx_word' id='word_1_171' title='bbox 1227 1671 1408 1705; x_wconf 84' lang='lat' dir='ltr'>damnatus.</span> 
     </span>
    </p>
   </div>
   <div class='ocr_carea' id='block_1_12' title="bbox 580 1762 1161 2045">
    <p class='ocr_par' dir='ltr' id='par_1_13' title="bbox 580 1762 1161 2045">
     <span class='ocr_line' id='line_1_46' title="bbox 580 1762 1048 1805; baseline 0.004 -10"><span class='ocrx_word' id='word_1_172' title='bbox 580 1766 610 1796; x_wconf 88' lang='lat'>5.</span> <span class='ocrx_word' id='word_1_173' title='bbox 637 1763 690 1795; x_wconf 82' lang='lat' dir='ltr'>Ne</span> <span class='ocrx_word' id='word_1_174' title='bbox 714 1762 806 1796; x_wconf 85' lang='lat' dir='ltr'>furor</span> <span class='ocrx_word' id='word_1_175' title='bbox 831 1767 905 1796; x_wconf 89' lang='lat' dir='ltr'>ante</span> <span class='ocrx_word' id='word_1_176' title='bbox 929 1766 1048 1805; x_wconf 84' lang='lat' dir='ltr'>veniat,</span> 
     </span>
     <span class='ocr_line' id='line_1_47' title="bbox 636 1812 1161 1856; baseline 0.004 -13"><span class='ocrx_word' id='word_1_177' title='bbox 636 1812 703 1844; x_wconf 84' lang='lat' dir='ltr'>Nos</span> <span class='ocrx_word' id='word_1_178' title='bbox 730 1812 773 1844; x_wconf 89' lang='lat' dir='ltr'>ad</span> <span class='ocrx_word' id='word_1_179' title='bbox 797 1812 901 1844; x_wconf 90' lang='lat' dir='ltr'>Deum</span> <span class='ocrx_word' id='word_1_180' title='bbox 928 1816 1161 1856; x_wconf 86' lang='lat' dir='ltr'>convertamur,</span> 
     </span>
     <span class='ocr_line' id='line_1_48' title="bbox 634 1859 1123 1901; baseline 0.004 -10"><span class='ocrx_word' id='word_1_181' title='bbox 634 1859 730 1891; x_wconf 89' lang='lat' dir='ltr'>Hunc</span> <span class='ocrx_word' id='word_1_182' title='bbox 755 1861 857 1892; x_wconf 91' lang='lat' dir='ltr'>omnis</span> <span class='ocrx_word' id='word_1_183' title='bbox 881 1861 976 1893; x_wconf 89' lang='lat' dir='ltr'>homo</span> <span class='ocrx_word' id='word_1_184' title='bbox 1001 1862 1123 1901; x_wconf 84' lang='lat' dir='ltr'>timeat,</span> 
     </span>
     <span class='ocr_line' id='line_1_49' title="bbox 634 1907 1052 1950; baseline 0.01 -12"><span class='ocrx_word' id='word_1_185' title='bbox 634 1907 702 1939; x_wconf 89' lang='lat' dir='ltr'>Deo</span> <span class='ocrx_word' id='word_1_186' title='bbox 728 1911 839 1941; x_wconf 90' lang='lat' dir='ltr'>nostro</span> <span class='ocrx_word' id='word_1_187' title='bbox 865 1910 1052 1950; x_wconf 88' lang='lat' dir='ltr'>serviamus,</span> 
     </span>
     <span class='ocr_line' id='line_1_50' title="bbox 633 1955 1096 2000; baseline 0.006 -13"><span class='ocrx_word' id='word_1_188' title='bbox 633 1955 700 1987; x_wconf 65' lang='lat' dir='ltr'>Nos</span> <span class='ocrx_word' id='word_1_189' title='bbox 726 1955 814 1988; x_wconf 90' lang='lat' dir='ltr'>Deus</span> <span class='ocrx_word' id='word_1_190' title='bbox 839 1960 948 1989; x_wconf 90' lang='lat' dir='ltr'>noster</span> <span class='ocrx_word' id='word_1_191' title='bbox 972 1958 1096 2000; x_wconf 83' lang='lat' dir='ltr'>diligat,</span> 
     </span>
     <span class='ocr_line' id='line_1_51' title="bbox 634 2003 1068 2045; baseline 0.009 -11"><span class='ocrx_word' id='word_1_192' title='bbox 634 2003 678 2035; x_wconf 84' lang='lat' dir='ltr'>Et</span> <span class='ocrx_word' id='word_1_193' title='bbox 703 2012 774 2036; x_wconf 90' lang='lat' dir='ltr'>cum</span> <span class='ocrx_word' id='word_1_194' title='bbox 801 2013 836 2037; x_wconf 91' lang='lat' dir='ltr'>eo</span> <span class='ocrx_word' id='word_1_195' title='bbox 862 2007 1068 2045; x_wconf 89' lang='lat' dir='ltr'>gaudeamus.</span> 
     </span>
    </p>
   </div>
   <div class='ocr_carea' id='block_1_13' title="bbox 524 2113 1146 2154">
    <p class='ocr_par' dir='ltr' id='par_1_14' title="bbox 524 2113 1146 2154">
     <span class='ocr_line' id='line_1_52' title="bbox 524 2113 1146 2154; baseline 0.008 -10"><span class='ocrx_word' id='word_1_196' title='bbox 524 2113 585 2145; x_wconf 83' lang='lat'>125.</span> <span class='ocrx_word' id='word_1_197' title='bbox 629 2115 762 2154; x_wconf 76' lang='lat' dir='ltr'>Hymnus</span> <span class='ocrx_word' id='word_1_198' title='bbox 787 2115 870 2147; x_wconf 86' lang='lat' dir='ltr'>alius</span> <span class='ocrx_word' id='word_1_199' title='bbox 892 2116 930 2148; x_wconf 85' lang='lat' dir='ltr'>de</span> <span class='ocrx_word' id='word_1_200' title='bbox 952 2117 1002 2148; x_wconf 86' lang='lat' dir='ltr'>die</span> <span class='ocrx_word' id='word_1_201' title='bbox 1026 2117 1146 2149; x_wconf 84' lang='lat' dir='ltr'>iudicii.</span> 
     </span>
    </p>
   </div>
   <div class='ocr_carea' id='block_1_14' title="bbox 213 2205 747 2485">
    <p class='ocr_par' dir='ltr' id='par_1_15' title="bbox 213 2205 747 2485">
     <span class='ocr_line' id='line_1_53' title="bbox 213 2205 744 2240; baseline 0.006 -5"><span class='ocrx_word' id='word_1_202' title='bbox 213 2230 216 2234; x_wconf 95' lang='lat'>.</span> <span class='ocrx_word' id='word_1_203' title='bbox 247 2205 334 2236; x_wconf 88' lang='lat' dir='ltr'>Ante</span> <span class='ocrx_word' id='word_1_204' title='bbox 357 2214 431 2237; x_wconf 89' lang='lat' dir='ltr'>nam</span> <span class='ocrx_word' id='word_1_205' title='bbox 455 2205 597 2238; x_wconf 88' lang='lat' dir='ltr'>tribunal</span> <span class='ocrx_word' id='word_1_206' title='bbox 624 2206 744 2240; x_wconf 86' lang='lat' dir='ltr'>Christi</span> 
     </span>
     <span class='ocr_line' id='line_1_54' title="bbox 249 2253 641 2296; baseline 0.005 -12"><span class='ocrx_word' id='word_1_207' title='bbox 249 2253 312 2284; x_wconf 90' lang='lat' dir='ltr'>Pro</span> <span class='ocrx_word' id='word_1_208' title='bbox 337 2253 462 2285; x_wconf 89' lang='lat' dir='ltr'>ratione</span> <span class='ocrx_word' id='word_1_209' title='bbox 487 2254 641 2296; x_wconf 88' lang='lat' dir='ltr'>stabinus,</span> 
     </span>
     <span class='ocr_line' id='line_1_55' title="bbox 248 2299 747 2334; baseline 0.006 -3"><span class='ocrx_word' id='word_1_210' title='bbox 248 2299 330 2331; x_wconf 92' lang='lat' dir='ltr'>Boni</span> <span class='ocrx_word' id='word_1_211' title='bbox 354 2309 418 2332; x_wconf 92' lang='lat' dir='ltr'>non</span> <span class='ocrx_word' id='word_1_212' title='bbox 445 2310 515 2332; x_wconf 90' lang='lat' dir='ltr'>cum</span> <span class='ocrx_word' id='word_1_213' title='bbox 542 2303 635 2334; x_wconf 91' lang='lat' dir='ltr'>malis</span> <span class='ocrx_word' id='word_1_214' title='bbox 661 2303 747 2334; x_wconf 88' lang='lat' dir='ltr'>misti</span> 
     </span>
     <span class='ocr_line' id='line_1_56' title="bbox 249 2348 684 2393; baseline 0.009 -15"><span class='ocrx_word' id='word_1_215' title='bbox 249 2348 373 2379; x_wconf 76' lang='lat' dir='ltr'>secutis</span> <span class='ocrx_word' id='word_1_216' title='bbox 398 2357 525 2389; x_wconf 88' lang='lat' dir='ltr'>semper</span> <span class='ocrx_word' id='word_1_217' title='bbox 549 2349 684 2393; x_wconf 88' lang='lat' dir='ltr'>facinus,</span> 
     </span>
     <span class='ocr_line' id='line_1_57' title="bbox 252 2395 673 2437; baseline 0.01 -11"><span class='ocrx_word' id='word_1_218' title='bbox 252 2395 333 2427; x_wconf 82' lang='lat' dir='ltr'>Mali</span> <span class='ocrx_word' id='word_1_219' title='bbox 356 2396 390 2428; x_wconf 92' lang='lat' dir='ltr'>in</span> <span class='ocrx_word' id='word_1_220' title='bbox 413 2400 507 2436; x_wconf 87' lang='lat' dir='ltr'>parte</span> <span class='ocrx_word' id='word_1_221' title='bbox 531 2398 673 2437; x_wconf 84' lang='lat' dir='ltr'>sinistra,</span> 
     </span>
     <span class='ocr_line' id='line_1_58' title="bbox 247 2442 703 2485; baseline 0.007 -11"><span class='ocrx_word' id='word_1_222' title='bbox 247 2442 329 2475; x_wconf 93' lang='lat' dir='ltr'>Boni</span> <span class='ocrx_word' id='word_1_223' title='bbox 354 2453 375 2475; x_wconf 89' lang='lat' dir='ltr'>a</span> <span class='ocrx_word' id='word_1_224' title='bbox 399 2444 521 2477; x_wconf 84' lang='lat' dir='ltr'>dextris</span> <span class='ocrx_word' id='word_1_225' title='bbox 546 2445 703 2485; x_wconf 83' lang='lat' dir='ltr'>partibus.</span> 
     </span>
    </p>
   </div>
   <div class='ocr_carea' id='block_1_15' title="bbox 879 2210 1473 2252">
    <p class='ocr_par' dir='ltr' id='par_1_16' title="bbox 879 2210 1473 2252">
     <span class='ocr_line' id='line_1_59' title="bbox 879 2210 1473 2252; baseline 0.005 -11"><span class='ocrx_word' id='word_1_226' title='bbox 879 2211 911 2241; x_wconf 82' lang='lat'>2.</span> <span class='ocrx_word' id='word_1_227' title='bbox 939 2210 1007 2242; x_wconf 90' lang='lat' dir='ltr'>lam</span> <span class='ocrx_word' id='word_1_228' title='bbox 1033 2210 1216 2241; x_wconf 89' lang='lat' dir='ltr'>tremebunt</span> <span class='ocrx_word' id='word_1_229' title='bbox 1242 2215 1329 2243; x_wconf 89' lang='lat' dir='ltr'>certe</span> <span class='ocrx_word' id='word_1_230' title='bbox 1355 2213 1473 2252; x_wconf 85' lang='lat' dir='ltr'>cuncti,</span> 
     </span>
    </p>
   </div>
   <div class='ocr_carea' id='block_1_16' title="bbox 936 2253 1453 2487">
    <p class='ocr_par' dir='ltr' id='par_1_17' title="bbox 936 2253 1453 2487">
     <span class='ocr_line' id='line_1_60' title="bbox 937 2253 1447 2301; baseline 0.006 -13"><span class='ocrx_word' id='word_1_231' title='bbox 937 2253 1174 2301; x_wconf 81' lang='lat' dir='ltr'>Rubebit[que]</span> <span class='ocrx_word' id='word_1_232' title='bbox 1202 2259 1304 2290; x_wconf 90' lang='lat' dir='ltr'>omnis</span> <span class='ocrx_word' id='word_1_233' title='bbox 1330 2259 1447 2301; x_wconf 86' lang='lat' dir='ltr'>vultus,</span> 
     </span>
     <span class='ocr_line' id='line_1_61' title="bbox 939 2304 1453 2342; baseline 0.012 -8"><span class='ocrx_word' id='word_1_234' title='bbox 939 2304 999 2342; x_wconf 79' lang='lat' dir='ltr'>Qui</span> <span class='ocrx_word' id='word_1_235' title='bbox 1028 2307 1104 2336; x_wconf 88' lang='lat' dir='ltr'>sunt</span> <span class='ocrx_word' id='word_1_236' title='bbox 1127 2308 1213 2336; x_wconf 88' lang='lat' dir='ltr'>artes</span> <span class='ocrx_word' id='word_1_237' title='bbox 1239 2306 1324 2337; x_wconf 88' lang='lat' dir='ltr'>male</span> <span class='ocrx_word' id='word_1_238' title='bbox 1348 2305 1453 2341; x_wconf 83' lang='lat' dir='ltr'>functi</span> 
     </span>
     <span class='ocr_line' id='line_1_62' title="bbox 936 2351 1382 2397; baseline 0.009 -15"><span class='ocrx_word' id='word_1_239' title='bbox 936 2351 981 2383; x_wconf 88' lang='lat' dir='ltr'>Et</span> <span class='ocrx_word' id='word_1_240' title='bbox 1005 2352 1039 2383; x_wconf 89' lang='lat' dir='ltr'>in</span> <span class='ocrx_word' id='word_1_241' title='bbox 1066 2352 1111 2383; x_wconf 91' lang='lat' dir='ltr'>eis</span> <span class='ocrx_word' id='word_1_242' title='bbox 1137 2353 1240 2384; x_wconf 88' lang='lat' dir='ltr'>malus</span> <span class='ocrx_word' id='word_1_243' title='bbox 1267 2353 1382 2397; x_wconf 87' lang='lat' dir='ltr'>cultus,</span> 
     </span>
     <span class='ocr_line' id='line_1_63' title="bbox 940 2399 1392 2445; baseline 0.009 -15"><span class='ocrx_word' id='word_1_244' title='bbox 940 2399 1101 2431; x_wconf 82' lang='lat' dir='ltr'>Pharaoni</span> <span class='ocrx_word' id='word_1_245' title='bbox 1124 2400 1257 2431; x_wconf 88' lang='lat' dir='ltr'>stabunt</span> <span class='ocrx_word' id='word_1_246' title='bbox 1280 2402 1392 2445; x_wconf 86' lang='lat' dir='ltr'>iuncti,</span> 
     </span>
     <span class='ocr_line' id='line_1_64' title="bbox 938 2447 1449 2487; baseline 0.01 -8"><span class='ocrx_word' id='word_1_247' title='bbox 938 2447 1023 2479; x_wconf 77' lang='lat' dir='ltr'>‘Nam</span> <span class='ocrx_word' id='word_1_248' title='bbox 1047 2448 1200 2486; x_wconf 86' lang='lat' dir='ltr'>punietur</span> <span class='ocrx_word' id='word_1_249' title='bbox 1225 2449 1296 2487; x_wconf 88' lang='lat' dir='ltr'>quis</span> <span class='ocrx_word' id='word_1_250' title='bbox 1322 2451 1449 2485; x_wconf 83' lang='lat' dir='ltr'>stultus.</span> 
     </span>
    </p>
   </div>
  </div>
 </body>
</html>
