1651 2700
685 143 947 179 —141—

551 239 582 270 5.
609 238 691 279 Ave,
719 238 847 273 Christo
872 244 1002 276 moleris

653 286 713 325 Qui
739 289 830 327 quasi
857 288 1060 337 frumentum,

606 333 745 366 Tractus
770 337 852 368 enim
881 340 1016 372 moreris

654 381 759 414 Veluti
785 384 973 429 iumentum,

602 429 632 461 A
659 439 710 462 me
738 432 851 472 eulpae
878 435 997 466 veteris

650 478 743 511 Tolle
763 485 1000 524 nocumentum,

603 525 647 557 Ut
671 526 799 567 intrem,
827 537 888 569 quo
914 528 1046 570 frueris,

647 573 800 607 Divinum
828 581 1030 611 conventum.

211 615 237 642 A
258 615 309 643 fol.
331 614 382 643 23..

559 692 608 725 60.
648 694 690 726 De
711 697 822 728 saneta
843 697 1039 738 Margareta.

149 745 179 778 1.
206 746 287 789 Ave,
317 756 334 779 o
360 748 500 788 ingenua
845 756 876 789 ὃ,
902 756 985 797 Ave,
1011 765 1096 788 nune
1120 755 1267 798 confugio

252 794 365 827 Dulcis
395 795 595 841 Margareta‚
950 804 1004 836 Ad
1026 806 1058 835 te
1084 813 1154 836 cum
1180 814 1311 846 pavore,

204 843 297 875 Vana
322 846 355 875 et
379 843 516 877 felliflua
903 851 946 884 U‘t
972 852 1032 884 sim
1058 853 1117 884 sub
1144 851 1267 894 refugio

250 890 369 924 Mundi
394 893 514 924 ‘transis
541 892 636 935 freta,
948 900 1017 931 Tuo
1042 901 1172 943 tutiore,

203 938 343 971 Satanae
362 942 397 971 tu
425 949 546 972 cornua
899 947 1047 988 Namque
1074 949 1188 988 culpae
1212 949 1290 981 vitio

251 986 364 1019 Galeas
390 988 546 1029 inquieta,
946 996 1009 1028 Pro
1041 996 1225 1028 sordidiore

200 1034 265 1066 Pro
290 1044 343 1066 me
368 1033 463 1067 flecte
489 1045 593 1077 genua
899 1041 972 1074 Soio
997 1042 1061 1074 Dei
1085 1042 1152 1075 filio

248 1082 318 1114 Deo
345 1086 452 1115 mente
478 1084 575 1118 laeta.
947 1090 1003 1121 Me
1027 1091 1190 1131 ingratum
1214 1090 1295 1124 fore.

139 1139 171 1171 2.
199 1142 280 1182 Ave,
307 1140 341 1171 in
367 1149 418 1172 me
443 1141 547 1173 tabuit
836 1147 868 1179 4.
896 1146 978 1189 Ave,
1006 1156 1100 1179 aures
1126 1148 1279 1188 precibus

248 1186 371 1220 Lumen
397 1189 540 1230 rationis,
943 1195 1048 1236 Imple
1070 1196 1242 1228 salvatoris

196 1235 242 1267 Et
267 1234 403 1278 fructus,
430 1236 503 1276 heu,
531 1239 669 1270 marcuit
894 1243 957 1275 Pro
985 1243 1107 1275 eunetis
1132 1244 1277 1276 reatibus

250 1283 362 1316 Bonae
387 1284 533 1321 rationis,
940 1291 1008 1322 Mei
1034 1292 1225 1334 peccantem,

196 1330 325 1371 Torpor
349 1341 401 1364 me
426 1332 593 1365 absorbuit
890 1338 937 1371 Ut
961 1339 1070 1371 solvar
1095 1340 1135 1372 ab
1163 1340 1290 1373 actibus

244 1379 475 1424 Indurationis‚
937 1386 1031 1419 Vitae
1057 1387 1192 1430 vilioris,

195 1427 282 1459 Proh
309 1429 425 1471 pudor,
453 1431 636 1468 praevaluit
889 1434 939 1466 Ne
963 1435 1112 1468 involvar
1137 1436 1267 1476 ignibus

241 1474 332 1508 Faex
359 1475 567 1512 confusionis.
936 1484 1074 1515 Aeterni
1098 1484 1233 1517 doloris.

528 1537 559 1570 5.
585 1536 668 1577 Ave‚
696 1540 751 1569 tua
776 1539 883 1578 gratia

634 1584 800 1618 Gaudeam
826 1591 970 1629 sanatus,

583 1632 635 1665 Ab
661 1634 748 1666 omni
773 1635 906 1668 miseria

631 1680 753 1722 Culpae
779 1687 958 1729 serenatus,

582 1728 648 1761 Sim
672 1730 706 1762 in
732 1732 929 1764 conscienfia

628 1777 666 1810 In
694 1778 822 1812 Christo
849 1779 1014 1823 fundatus,

583 1824 781 1867 Conregnem
807 1829 840 1860 in
867 1830 970 1870 gloria

628 1875 696 1915 Ipsi
725 1877 878 1910 sociatus.

191 1926 216 1953 A
238 1926 288 1955 fol.
304 1925 341 1955 80
350 1928 378 1956 b.
393 1943 430 1948 --
453 1929 477 1957 C
495 1930 545 1958 fol.
565 1928 621 1959 248
629 1939 655 1959 a.
672 1947 704 1951 —
729 1931 788 1960 Str.
805 1931 880 1962 1-3
900 1934 1000 1963 fehleu
1019 1935 1132 1972 infolge
1151 1944 1211 1963 von
1225 1935 1453 1972 Beseh'zidigung

114 1963 146 1993 C.
166 1980 206 1984 —
224 1963 251 1997 4,
273 1963 292 1994 8
312 1966 421 1995 furoris
444 1968 476 1997 O.
497 1984 535 1988 —
557 1968 614 1998 Cfr.
635 1971 723 1999 Anal.
744 1972 800 2007 ΙΠ,
827 1971 881 2001 196
903 1983 947 2011 sq.

519 2053 559 2085 61.
600 2054 644 2087 De
665 2063 688 2087 s.
712 2055 812 2088 Maria
833 2058 1043 2099 Aegyptiaca.

125 2106 155 2139 1.
182 2106 264 2147 Ave,
292 2108 497 2150 Aegyptiaoa
825 2116 857 2148 2.
884 2116 965 2156 Ave,
993 2125 1075 2157 quae
1103 2117 1143 2149 de
1166 2116 1310 2149 faecibus

233 2155 258 2188 Ο
287 2156 391 2189 duleis
414 2158 532 2202 Maria,
934 2164 1045 2206 Surgis
1071 2165 1258 2208 voluptatis,

181 2203 344 2237 Immundi
371 2206 523 2246 ecliptica
883 2214 931 2245 Te
954 2212 1169 2245 varietatibus

230 2252 319 2292 Quae
343 2254 481 2287 nutabas
505 2256 569 2296 via,
933 2261 1058 2293 Ornans
1083 2261 1246 2304 puritatis,

181 2300 233 2333 De
259 2302 355 2343 culpa
380 2312 433 2335 me
458 2305 567 2337 toxica
882 2308 956 2352 Ora,
986 2312 1021 2340 ut
1046 2318 1066 2340 a
1092 2309 1244 2350 gravibus

230 2349 315 2383 Sana
340 2360 441 2391 prece
465 2353 530 2396 pia,
927 2356 1055 2389 Abluar
1079 2358 1223 2398 peccatis

183 2397 262 2430 Mea
285 2408 356 2431 sors
382 2402 419 2433 ut
443 2402 565 2434 caelica
880 2404 926 2437 Et
953 2405 1069 2438 dehinc
1093 2406 1128 2438 in
1154 2405 1280 2439 actibus

228 2445 305 2479 Fiat
329 2447 505 2484 ierarchia.
930 2453 1044 2486 Vivam
1068 2454 1139 2487 Deo
1166 2455 1278 2496 gratis.
