<?xml version="1.0" encoding="UTF-8"?>
<!DOCTYPE html PUBLIC "-//W3C//DTD XHTML 1.0 Transitional//EN"
    "http://www.w3.org/TR/xhtml1/DTD/xhtml1-transitional.dtd">
<html xmlns="http://www.w3.org/1999/xhtml" xml:lang="en" lang="en">
 <head>
  <title>
</title>
<meta http-equiv="Content-Type" content="text/html;charset=utf-8" />
  <meta name='ocr-system' content='tesseract 3.04.00' />
  <meta name='ocr-capabilities' content='ocr_page ocr_carea ocr_par ocr_line ocrx_word'/>
</head>
<body>
  <div class='ocr_page' id='page_1' title='image "./analectahymnica41drevuoft_00032.png"; bbox 0 0 1651 2700; ppageno 0'>
   <div class='ocr_carea' id='block_1_1' title="bbox 701 141 940 175">
    <p class='ocr_par' dir='ltr' id='par_1_1' title="bbox 701 141 940 175">
     <span class='ocr_line' id='line_1_1' title="bbox 701 141 940 175; baseline 0.013 -11"><span class='ocrx_word' id='word_1_1' title='bbox 701 141 940 175; x_wconf 68' lang='lat'>—29—</span> 
     </span>
    </p>
   </div>
   <div class='ocr_carea' id='block_1_2' title="bbox 163 227 654 267">
    <p class='ocr_par' dir='ltr' id='par_1_2' title="bbox 163 227 654 267">
     <span class='ocr_line' id='line_1_2' title="bbox 163 227 654 267; baseline 0.016 -8"><span class='ocrx_word' id='word_1_2' title='bbox 163 227 196 259; x_wconf 84' lang='lat'><strong>3.</strong></span> <span class='ocrx_word' id='word_1_3' title='bbox 224 228 357 261; x_wconf 83' lang='lat' dir='ltr'><strong>Illustre</strong></span> <span class='ocrx_word' id='word_1_4' title='bbox 381 239 490 264; x_wconf 85' lang='lat' dir='ltr'><strong>semen</strong></span> <span class='ocrx_word' id='word_1_5' title='bbox 515 235 654 267; x_wconf 86' lang='lat' dir='ltr'><strong>seminat</strong></span> 
     </span>
    </p>
   </div>
   <div class='ocr_carea' id='block_1_3' title="bbox 221 275 660 369">
    <p class='ocr_par' dir='ltr' id='par_1_3' title="bbox 221 275 660 369">
     <span class='ocr_line' id='line_1_3' title="bbox 221 275 623 324; baseline 0.017 -17"><span class='ocrx_word' id='word_1_6' title='bbox 221 275 262 308; x_wconf 86' lang='lat' dir='ltr'><strong>In</strong></span> <span class='ocrx_word' id='word_1_7' title='bbox 289 278 442 312; x_wconf 86' lang='lat' dir='ltr'>cordibus</span> <span class='ocrx_word' id='word_1_8' title='bbox 467 279 623 324; x_wconf 83' lang='lat' dir='ltr'><strong>fidelium,</strong></span> 
     </span>
     <span class='ocr_line' id='line_1_4' title="bbox 221 325 660 369; baseline 0.014 -13"><span class='ocrx_word' id='word_1_9' title='bbox 221 325 260 356; x_wconf 88' lang='lat' dir='ltr'><strong>In</strong></span> <span class='ocrx_word' id='word_1_10' title='bbox 285 325 367 366; x_wconf 88' lang='lat' dir='ltr'><strong>ipsis</strong></span> <span class='ocrx_word' id='word_1_11' title='bbox 391 328 478 360; x_wconf 87' lang='lat' dir='ltr'><strong>unde</strong></span> <span class='ocrx_word' id='word_1_12' title='bbox 500 331 660 369; x_wconf 82' lang='lat' dir='ltr'>germinat</span> 
     </span>
    </p>
   </div>
   <div class='ocr_carea' id='block_1_4' title="bbox 221 372 782 418">
    <p class='ocr_par' dir='ltr' id='par_1_4' title="bbox 221 372 782 418">
     <span class='ocr_line' id='line_1_5' title="bbox 221 372 782 418; baseline 0.016 -14"><span class='ocrx_word' id='word_1_13' title='bbox 221 372 400 414; x_wconf 83' lang='lat' dir='ltr'><strong>Magnum</strong></span> <span class='ocrx_word' id='word_1_14' title='bbox 426 377 570 410; x_wconf 85' lang='lat' dir='ltr'><strong>salutis</strong></span> <span class='ocrx_word' id='word_1_15' title='bbox 588 379 782 418; x_wconf 87' lang='lat' dir='ltr'><strong>gaudium.</strong></span> 
     </span>
    </p>
   </div>
   <div class='ocr_carea' id='block_1_5' title="bbox 189 449 691 591">
    <p class='ocr_par' dir='ltr' id='par_1_5' title="bbox 189 449 691 591">
     <span class='ocr_line' id='line_1_6' title="bbox 189 449 640 495; baseline 0.011 -13"><span class='ocrx_word' id='word_1_16' title='bbox 189 474 195 482; x_wconf 94' lang='lat'>.</span> <span class='ocrx_word' id='word_1_17' title='bbox 225 449 407 484; x_wconf 82' lang='lat' dir='ltr'><strong>Granorum</strong></span> <span class='ocrx_word' id='word_1_18' title='bbox 432 453 518 486; x_wconf 83' lang='lat' dir='ltr'><strong>iacta</strong></span> <span class='ocrx_word' id='word_1_19' title='bbox 544 455 640 495; x_wconf 85' lang='lat' dir='ltr'><strong>palea</strong></span> 
     </span>
     <span class='ocr_line' id='line_1_7' title="bbox 221 499 691 535; baseline 0.011 -5"><span class='ocrx_word' id='word_1_20' title='bbox 221 499 337 531; x_wconf 80' lang='lat' dir='ltr'><strong>Tritici</strong></span> <span class='ocrx_word' id='word_1_21' title='bbox 361 501 498 533; x_wconf 89' lang='lat' dir='ltr'><strong>multum</strong></span> <span class='ocrx_word' id='word_1_22' title='bbox 524 512 691 535; x_wconf 87' lang='lat' dir='ltr'><strong>numerum</strong></span> 
     </span>
     <span class='ocr_line' id='line_1_8' title="bbox 219 545 634 591; baseline 0.014 -14"><span class='ocrx_word' id='word_1_23' title='bbox 219 545 290 579; x_wconf 77' lang='lat' dir='ltr'><strong>Tua</strong></span> <span class='ocrx_word' id='word_1_24' title='bbox 317 546 424 580; x_wconf 83' lang='lat' dir='ltr'><strong>defert</strong></span> <span class='ocrx_word' id='word_1_25' title='bbox 447 549 481 581; x_wconf 91' lang='lat' dir='ltr'><strong>in</strong></span> <span class='ocrx_word' id='word_1_26' title='bbox 508 550 634 591; x_wconf 75' lang='lat' dir='ltr'><strong>horrea,</strong></span> 
     </span>
    </p>
   </div>
   <div class='ocr_carea' id='block_1_6' title="bbox 219 593 781 635">
    <p class='ocr_par' dir='ltr' id='par_1_6' title="bbox 219 593 781 635">
     <span class='ocr_line' id='line_1_9' title="bbox 219 593 781 635; baseline 0.016 -10"><span class='ocrx_word' id='word_1_27' title='bbox 219 593 431 628; x_wconf 85' lang='lat' dir='ltr'><strong>Conditor</strong></span> <span class='ocrx_word' id='word_1_28' title='bbox 456 598 565 630; x_wconf 83' lang='lat' dir='ltr'><strong>alme</strong></span> <span class='ocrx_word' id='word_1_29' title='bbox 582 600 781 635; x_wconf 88' lang='lat' dir='ltr'><strong>siderum.</strong></span> 
     </span>
    </p>
   </div>
   <div class='ocr_carea' id='block_1_7' title="bbox 185 671 761 817">
    <p class='ocr_par' dir='ltr' id='par_1_7' title="bbox 185 671 733 805">
     <span class='ocr_line' id='line_1_10' title="bbox 185 671 675 715; baseline 0.012 -12"><span class='ocrx_word' id='word_1_30' title='bbox 185 695 193 703; x_wconf 89' lang='lat'><strong>.</strong></span> <span class='ocrx_word' id='word_1_31' title='bbox 220 671 342 704; x_wconf 71' lang='lat' dir='ltr'><strong>Sollers</strong></span> <span class='ocrx_word' id='word_1_32' title='bbox 368 675 404 705; x_wconf 81' lang='lat' dir='ltr'><strong>ut</strong></span> <span class='ocrx_word' id='word_1_33' title='bbox 429 675 500 714; x_wconf 89' lang='lat' dir='ltr'><strong>apis</strong></span> <span class='ocrx_word' id='word_1_34' title='bbox 527 676 675 715; x_wconf 87' lang='lat' dir='ltr'><strong>pluribus</strong></span> 
     </span>
     <span class='ocr_line' id='line_1_11' title="bbox 217 719 542 755; baseline 0.015 -5"><span class='ocrx_word' id='word_1_35' title='bbox 217 719 293 751; x_wconf 89' lang='lat' dir='ltr'><strong>Tibi</strong></span> <span class='ocrx_word' id='word_1_36' title='bbox 318 719 407 753; x_wconf 85' lang='lat' dir='ltr'><strong>felici</strong></span> <span class='ocrx_word' id='word_1_37' title='bbox 433 724 542 755; x_wconf 88' lang='lat' dir='ltr'><strong>studio</strong></span> 
     </span>
     <span class='ocr_line' id='line_1_12' title="bbox 217 767 761 817; baseline 0.014 -19"><span class='ocrx_word' id='word_1_38' title='bbox 217 767 284 799; x_wconf 86' lang='lat' dir='ltr'><strong>Dat</strong></span> <span class='ocrx_word' id='word_1_39' title='bbox 308 769 372 801; x_wconf 90' lang='lat' dir='ltr'><strong>mel</strong></span> <span class='ocrx_word' id='word_1_40' title='bbox 399 770 440 802; x_wconf 86' lang='lat' dir='ltr'><strong>de</strong></span> <span class='ocrx_word' id='word_1_41' title='bbox 465 772 579 804; x_wconf 89' lang='lat' dir='ltr'><strong>mundi</strong></span> <span class='ocrx_word' id='word_1_42' title='bbox 605 773 761 817; x_wconf 72' lang='lat' dir='ltr'><strong>sentibus,</strong></span> 
     </span>
    </p>
   </div>
   <div class='ocr_carea' id='block_1_8' title="bbox 217 815 778 861">
    <p class='ocr_par' dir='ltr' id='par_1_8' title="bbox 217 815 778 861">
     <span class='ocr_line' id='line_1_13' title="bbox 217 815 778 861; baseline 0.014 -14"><span class='ocrx_word' id='word_1_43' title='bbox 217 815 333 856; x_wconf 84' lang='lat' dir='ltr'><strong>Iesu,</strong></span> <span class='ocrx_word' id='word_1_44' title='bbox 360 821 514 851; x_wconf 86' lang='lat' dir='ltr'><strong>nostra</strong></span> <span class='ocrx_word' id='word_1_45' title='bbox 530 830 548 851; x_wconf 88' lang='lat' dir='ltr'><strong>r</strong></span> <span class='ocrx_word' id='word_1_46' title='bbox 559 820 778 861; x_wconf 81' lang='lat' dir='ltr'><strong>edemptio.</strong></span> 
     </span>
    </p>
   </div>
   <div class='ocr_carea' id='block_1_9' title="bbox 221 900 407 930">
    <p class='ocr_par' dir='ltr' id='par_1_9' title="bbox 221 900 407 930">
     <span class='ocr_line' id='line_1_14' title="bbox 221 900 407 930; baseline 0.011 -2"><span class='ocrx_word' id='word_1_47' title='bbox 221 901 246 928; x_wconf 89' lang='lat' dir='ltr'>B</span> <span class='ocrx_word' id='word_1_48' title='bbox 267 901 318 929; x_wconf 83' lang='lat' dir='ltr'><strong>fol.</strong></span> <span class='ocrx_word' id='word_1_49' title='bbox 342 900 407 930; x_wconf 85' lang='lat'>171.</span> 
     </span>
    </p>
   </div>
   <div class='ocr_carea' id='block_1_10' title="bbox 860 239 1272 284">
    <p class='ocr_par' dir='ltr' id='par_1_10' title="bbox 860 239 1272 284">
     <span class='ocr_line' id='line_1_15' title="bbox 860 239 1272 284; baseline 0.015 -13"><span class='ocrx_word' id='word_1_50' title='bbox 860 240 891 272; x_wconf 90' lang='lat'><strong>6.</strong></span> <span class='ocrx_word' id='word_1_51' title='bbox 920 239 1090 281; x_wconf 78' lang='lat' dir='ltr'><strong>Stupenda</strong></span> <span class='ocrx_word' id='word_1_52' title='bbox 1113 244 1272 284; x_wconf 86' lang='lat' dir='ltr'><strong>patientia</strong></span> 
     </span>
    </p>
   </div>
   <div class='ocr_carea' id='block_1_11' title="bbox 916 287 1464 429">
    <p class='ocr_par' dir='ltr' id='par_1_11' title="bbox 916 287 1452 429">
     <span class='ocr_line' id='line_1_16' title="bbox 918 287 1331 333; baseline 0.017 -14"><span class='ocrx_word' id='word_1_53' title='bbox 918 287 1014 321; x_wconf 82' lang='lat' dir='ltr'><strong>Diras</strong></span> <span class='ocrx_word' id='word_1_54' title='bbox 1039 299 1160 329; x_wconf 86' lang='lat' dir='ltr'><strong>poenas</strong></span> <span class='ocrx_word' id='word_1_55' title='bbox 1182 294 1331 333; x_wconf 82' lang='lat' dir='ltr'><strong>martyrii</strong></span> 
     </span>
     <span class='ocr_line' id='line_1_17' title="bbox 916 335 1343 386; baseline 0.017 -19"><span class='ocrx_word' id='word_1_56' title='bbox 916 335 985 367; x_wconf 80' lang='lat' dir='ltr'><strong>Tua</strong></span> <span class='ocrx_word' id='word_1_57' title='bbox 1008 336 1121 369; x_wconf 85' lang='lat' dir='ltr'><strong>suffert</strong></span> <span class='ocrx_word' id='word_1_58' title='bbox 1145 348 1205 379; x_wconf 88' lang='lat' dir='ltr'><strong>pro</strong></span> <span class='ocrx_word' id='word_1_59' title='bbox 1232 341 1343 386; x_wconf 79' lang='lat' dir='ltr'><strong>gloria,</strong></span> 
     </span>
     <span class='ocr_line' id='line_1_18' title="bbox 918 382 1464 429; baseline 0.021 -15"><span class='ocrx_word' id='word_1_60' title='bbox 918 382 1059 416; x_wconf 89' lang='lat' dir='ltr'><strong>Summi</strong></span> <span class='ocrx_word' id='word_1_61' title='bbox 1084 386 1260 427; x_wconf 82' lang='lat' dir='ltr'><strong>largitor</strong></span> <span class='ocrx_word' id='word_1_62' title='bbox 1283 393 1464 429; x_wconf 83' lang='lat' dir='ltr'><strong>praemii.</strong></span> 
     </span>
    </p>
   </div>
   <div class='ocr_carea' id='block_1_12' title="bbox 881 460 1380 500">
    <p class='ocr_par' dir='ltr' id='par_1_12' title="bbox 881 460 1380 500">
     <span class='ocr_line' id='line_1_19' title="bbox 881 460 1380 500; baseline 0.018 -9"><span class='ocrx_word' id='word_1_63' title='bbox 881 485 888 492; x_wconf 94' lang='lat'>.</span> <span class='ocrx_word' id='word_1_64' title='bbox 917 460 1003 492; x_wconf 79' lang='lat' dir='ltr'><strong>Hine</strong></span> <span class='ocrx_word' id='word_1_65' title='bbox 1027 462 1067 494; x_wconf 89' lang='lat' dir='ltr'><strong>de</strong></span> <span class='ocrx_word' id='word_1_66' title='bbox 1092 465 1212 497; x_wconf 89' lang='lat' dir='ltr'><strong>mundo</strong></span> <span class='ocrx_word' id='word_1_67' title='bbox 1240 464 1380 500; x_wconf 85' lang='lat' dir='ltr'><strong>feliciter</strong></span> 
     </span>
    </p>
   </div>
   <div class='ocr_carea' id='block_1_13' title="bbox 913 508 1476 646">
    <p class='ocr_par' dir='ltr' id='par_1_13' title="bbox 913 508 1476 646">
     <span class='ocr_line' id='line_1_20' title="bbox 914 508 1427 558; baseline 0.02 -19"><span class='ocrx_word' id='word_1_68' title='bbox 914 508 1137 552; x_wconf 79' lang='lat' dir='ltr'><strong>Transmigrat</strong></span> <span class='ocrx_word' id='word_1_69' title='bbox 1162 521 1261 553; x_wconf 87' lang='lat' dir='ltr'><strong>super</strong></span> <span class='ocrx_word' id='word_1_70' title='bbox 1285 516 1427 558; x_wconf 38' lang='lat' dir='ltr'><strong>aetheiga</strong></span> 
     </span>
     <span class='ocr_line' id='line_1_21' title="bbox 913 555 1292 601; baseline 0.018 -14"><span class='ocrx_word' id='word_1_71' title='bbox 913 555 1073 597; x_wconf 84' lang='lat' dir='ltr'><strong>Degustat</strong></span> <span class='ocrx_word' id='word_1_72' title='bbox 1095 559 1150 591; x_wconf 91' lang='lat' dir='ltr'><strong>ubi</strong></span> <span class='ocrx_word' id='word_1_73' title='bbox 1174 560 1292 601; x_wconf 85' lang='lat' dir='ltr'><strong>iugiter</strong></span> 
     </span>
     <span class='ocr_line' id='line_1_22' title="bbox 913 606 1476 646; baseline 0.02 -11"><span class='ocrx_word' id='word_1_74' title='bbox 913 606 942 635; x_wconf 90' lang='lat' dir='ltr'>A</span> <span class='ocrx_word' id='word_1_75' title='bbox 954 607 1019 637; x_wconf 83' lang='lat' dir='ltr'><strong>ete</strong></span> <span class='ocrx_word' id='word_1_76' title='bbox 1028 615 1045 637; x_wconf 95' lang='lat' dir='ltr'><strong>r</strong></span> <span class='ocrx_word' id='word_1_77' title='bbox 1054 616 1075 638; x_wconf 87' lang='lat' dir='ltr'><strong>n</strong></span> <span class='ocrx_word' id='word_1_78' title='bbox 1085 616 1105 638; x_wconf 82' lang='lat' dir='ltr'>a</span> <span class='ocrx_word' id='word_1_79' title='bbox 1136 607 1285 641; x_wconf 79' lang='lat' dir='ltr'><strong>Christi</strong></span> <span class='ocrx_word' id='word_1_80' title='bbox 1310 620 1476 646; x_wconf 83' lang='lat' dir='ltr'><strong>munera.</strong></span> 
     </span>
    </p>
   </div>
   <div class='ocr_carea' id='block_1_14' title="bbox 880 680 1400 727">
    <p class='ocr_par' dir='ltr' id='par_1_14' title="bbox 880 680 1400 727">
     <span class='ocr_line' id='line_1_23' title="bbox 880 680 1400 727; baseline 0.017 -15"><span class='ocrx_word' id='word_1_81' title='bbox 880 708 883 713; x_wconf 94' lang='lat'>.</span> <span class='ocrx_word' id='word_1_82' title='bbox 913 680 963 713; x_wconf 88' lang='lat' dir='ltr'><strong>Sit</strong></span> <span class='ocrx_word' id='word_1_83' title='bbox 987 691 1073 714; x_wconf 91' lang='grc'>1111110</span> <span class='ocrx_word' id='word_1_84' title='bbox 1096 683 1151 715; x_wconf 89' lang='grc'>1110</span> <span class='ocrx_word' id='word_1_85' title='bbox 1177 688 1209 716; x_wconf 81' lang='lat' dir='ltr'><strong>et</strong></span> <span class='ocrx_word' id='word_1_86' title='bbox 1233 686 1267 718; x_wconf 90' lang='lat' dir='ltr'><strong>in</strong></span> <span class='ocrx_word' id='word_1_87' title='bbox 1291 689 1400 727; x_wconf 83' lang='lat' dir='ltr'><strong>patria</strong></span> 
     </span>
    </p>
   </div>
   <div class='ocr_carea' id='block_1_15' title="bbox 908 729 1432 868">
    <p class='ocr_par' dir='ltr' id='par_1_15' title="bbox 908 729 1432 868">
     <span class='ocr_line' id='line_1_24' title="bbox 913 729 1293 776; baseline 0.016 -16"><span class='ocrx_word' id='word_1_88' title='bbox 913 729 998 762; x_wconf 88' lang='lat' dir='ltr'><strong>Vera</strong></span> <span class='ocrx_word' id='word_1_89' title='bbox 1023 731 1116 763; x_wconf 88' lang='lat' dir='ltr'><strong>nobis</strong></span> <span class='ocrx_word' id='word_1_90' title='bbox 1142 731 1293 776; x_wconf 79' lang='lat' dir='ltr'><strong>felicitas,</strong></span> 
     </span>
     <span class='ocr_line' id='line_1_25' title="bbox 908 777 1348 822; baseline 0.018 -14"><span class='ocrx_word' id='word_1_91' title='bbox 908 777 995 809; x_wconf 77' lang='lat' dir='ltr'><strong>Laus</strong></span> <span class='ocrx_word' id='word_1_92' title='bbox 1021 778 1081 810; x_wconf 92' lang='lat' dir='ltr'><strong>tibi</strong></span> <span class='ocrx_word' id='word_1_93' title='bbox 1107 780 1149 812; x_wconf 89' lang='lat' dir='ltr'><strong>sit</strong></span> <span class='ocrx_word' id='word_1_94' title='bbox 1175 785 1205 812; x_wconf 87' lang='lat' dir='ltr'><strong>et</strong></span> <span class='ocrx_word' id='word_1_95' title='bbox 1231 782 1348 822; x_wconf 80' lang='lat' dir='ltr'><strong>gloria,</strong></span> 
     </span>
     <span class='ocr_line' id='line_1_26' title="bbox 912 825 1432 868; baseline 0.017 -12"><span class='ocrx_word' id='word_1_96' title='bbox 912 825 1210 868; x_wconf 68' lang='grc'>011111,1)01113,</span> <span class='ocrx_word' id='word_1_97' title='bbox 1235 831 1432 867; x_wconf 78' lang='lat' dir='ltr'><strong>trinitas,</strong></span> 
     </span>
    </p>
   </div>
   <div class='ocr_carea' id='block_1_16' title="bbox 578 1009 1038 1044">
    <p class='ocr_par' dir='ltr' id='par_1_16' title="bbox 578 1009 1038 1044">
     <span class='ocr_line' id='line_1_27' title="bbox 578 1009 1038 1044; baseline 0.013 -6"><span class='ocrx_word' id='word_1_98' title='bbox 578 1009 605 1039; x_wconf 88' lang='lat'><strong>5.</strong></span> <span class='ocrx_word' id='word_1_99' title='bbox 648 1009 690 1040; x_wconf 81' lang='lat' dir='ltr'><strong>De</strong></span> <span class='ocrx_word' id='word_1_100' title='bbox 712 1011 820 1042; x_wconf 76' lang='lat' dir='ltr'><strong>sancto</strong></span> <span class='ocrx_word' id='word_1_101' title='bbox 842 1011 1038 1044; x_wconf 80' lang='lat' dir='ltr'><strong>colomanno.</strong></span> 
     </span>
    </p>
   </div>
   <div class='ocr_carea' id='block_1_17' title="bbox 644 1109 967 1151">
    <p class='ocr_par' dir='ltr' id='par_1_17' title="bbox 644 1109 967 1151">
     <span class='ocr_line' id='line_1_28' title="bbox 644 1109 967 1151; baseline 0.012 -11"><span class='ocrx_word' id='word_1_102' title='bbox 644 1109 707 1141; x_wconf 86' lang='lat' dir='ltr'><strong>Ad</strong></span> <span class='ocrx_word' id='word_1_103' title='bbox 739 1110 967 1151; x_wconf 77' lang='lat' dir='ltr'><strong>vesperas,</strong></span> 
     </span>
    </p>
   </div>
   <div class='ocr_carea' id='block_1_18' title="bbox 411 1192 1216 1374">
    <p class='ocr_par' dir='ltr' id='par_1_18' title="bbox 411 1192 1216 1374">
     <span class='ocr_line' id='line_1_29' title="bbox 411 1192 1024 1230; baseline 0.01 -6"><span class='ocrx_word' id='word_1_104' title='bbox 411 1193 443 1224; x_wconf 90' lang='lat'><strong>1.</strong></span> <span class='ocrx_word' id='word_1_105' title='bbox 471 1192 602 1225; x_wconf 85' lang='lat' dir='ltr'><strong>Novelli</strong></span> <span class='ocrx_word' id='word_1_106' title='bbox 629 1194 746 1227; x_wconf 66' lang='lat' dir='ltr'><strong>sideris</strong></span> <span class='ocrx_word' id='word_1_107' title='bbox 773 1200 884 1229; x_wconf 81' lang='lat' dir='ltr'><strong>exorto</strong></span> <span class='ocrx_word' id='word_1_108' title='bbox 910 1197 1024 1230; x_wconf 79' lang='lat' dir='ltr'><strong>iubare</strong></span> 
     </span>
     <span class='ocr_line' id='line_1_30' title="bbox 468 1241 1216 1288; baseline 0.012 -16"><span class='ocrx_word' id='word_1_109' title='bbox 468 1241 613 1273; x_wconf 86' lang='lat' dir='ltr'><strong>Mundus</strong></span> <span class='ocrx_word' id='word_1_110' title='bbox 641 1251 711 1275; x_wconf 87' lang='lat' dir='ltr'><strong>cum</strong></span> <span class='ocrx_word' id='word_1_111' title='bbox 738 1244 864 1284; x_wconf 88' lang='lat' dir='ltr'><strong>superis</strong></span> <span class='ocrx_word' id='word_1_112' title='bbox 889 1243 972 1277; x_wconf 86' lang='lat' dir='ltr'><strong>festo</strong></span> <span class='ocrx_word' id='word_1_113' title='bbox 1001 1255 1065 1279; x_wconf 92' lang='lat' dir='ltr'><strong>non</strong></span> <span class='ocrx_word' id='word_1_114' title='bbox 1090 1248 1216 1288; x_wconf 84' lang='lat' dir='ltr'><strong>impare</strong></span> 
     </span>
     <span class='ocr_line' id='line_1_31' title="bbox 466 1289 1163 1335; baseline 0.013 -15"><span class='ocrx_word' id='word_1_115' title='bbox 466 1289 625 1321; x_wconf 87' lang='lat' dir='ltr'><strong>Promunt</strong></span> <span class='ocrx_word' id='word_1_116' title='bbox 651 1292 833 1335; x_wconf 82' lang='lat' dir='ltr'><strong>praeconia,</strong></span> <span class='ocrx_word' id='word_1_117' title='bbox 861 1302 920 1325; x_wconf 89' lang='lat' dir='ltr'><strong>nos</strong></span> <span class='ocrx_word' id='word_1_118' title='bbox 945 1294 1030 1326; x_wconf 87' lang='lat' dir='ltr'><strong>enim</strong></span> <span class='ocrx_word' id='word_1_119' title='bbox 1056 1297 1163 1335; x_wconf 82' lang='lat' dir='ltr'><strong>gratia</strong></span> 
     </span>
     <span class='ocr_line' id='line_1_32' title="bbox 517 1338 901 1374; baseline 0.013 -6"><span class='ocrx_word' id='word_1_120' title='bbox 517 1338 601 1369; x_wconf 90' lang='lat' dir='ltr'><strong>Visit</strong></span> <span class='ocrx_word' id='word_1_121' title='bbox 627 1347 667 1370; x_wconf 80' lang='lat' dir='ltr'><strong>ex</strong></span> <span class='ocrx_word' id='word_1_122' title='bbox 692 1339 758 1371; x_wconf 85' lang='lat' dir='ltr'><strong>alto</strong></span> <span class='ocrx_word' id='word_1_123' title='bbox 785 1341 901 1374; x_wconf 82' lang='lat' dir='ltr'><strong>orienS.</strong></span> 
     </span>
    </p>
   </div>
   <div class='ocr_carea' id='block_1_19' title="bbox 406 1413 1253 1597">
    <p class='ocr_par' dir='ltr' id='par_1_19' title="bbox 406 1413 1242 1552">
     <span class='ocr_line' id='line_1_33' title="bbox 406 1413 1177 1460; baseline 0.009 -15"><span class='ocrx_word' id='word_1_124' title='bbox 406 1414 438 1447; x_wconf 85' lang='lat'><strong>2.</strong></span> <span class='ocrx_word' id='word_1_125' title='bbox 468 1413 611 1446; x_wconf 84' lang='lat' dir='ltr'><strong>Granum</strong></span> <span class='ocrx_word' id='word_1_126' title='bbox 637 1416 795 1455; x_wconf 82' lang='lat' dir='ltr'><strong>proicitur</strong></span> <span class='ocrx_word' id='word_1_127' title='bbox 820 1418 852 1449; x_wconf 89' lang='lat' dir='ltr'><strong>in</strong></span> <span class='ocrx_word' id='word_1_128' title='bbox 878 1421 986 1451; x_wconf 83' lang='lat' dir='ltr'><strong>terrae</strong></span> <span class='ocrx_word' id='word_1_129' title='bbox 1012 1421 1177 1460; x_wconf 85' lang='lat' dir='ltr'><strong>gremium,</strong></span> 
     </span>
     <span class='ocr_line' id='line_1_34' title="bbox 464 1461 1253 1513; baseline 0.012 -20"><span class='ocrx_word' id='word_1_130' title='bbox 464 1461 566 1503; x_wconf 83' lang='lat' dir='ltr'><strong>Dans,</strong></span> <span class='ocrx_word' id='word_1_131' title='bbox 594 1464 722 1503; x_wconf 84' lang='lat' dir='ltr'><strong>quando</strong></span> <span class='ocrx_word' id='word_1_132' title='bbox 747 1466 895 1508; x_wconf 84' lang='lat' dir='ltr'><strong>moritur,</strong></span> <span class='ocrx_word' id='word_1_133' title='bbox 923 1466 1063 1499; x_wconf 77' lang='lat' dir='ltr'><strong>fructum</strong></span> <span class='ocrx_word' id='word_1_134' title='bbox 1091 1469 1253 1513; x_wconf 81' lang='lat' dir='ltr'><strong>eximium,</strong></span> 
     </span>
     <span class='ocr_line' id='line_1_35' title="bbox 464 1509 1144 1552; baseline 0.012 -11"><span class='ocrx_word' id='word_1_135' title='bbox 464 1509 519 1541; x_wconf 82' lang='lat' dir='ltr'><strong>Sic</strong></span> <span class='ocrx_word' id='word_1_136' title='bbox 544 1515 619 1551; x_wconf 88' lang='lat' dir='ltr'><strong>post</strong></span> <span class='ocrx_word' id='word_1_137' title='bbox 643 1515 832 1552; x_wconf 80' lang='lat' dir='ltr'><strong>martyrium</strong></span> <span class='ocrx_word' id='word_1_138' title='bbox 860 1514 992 1547; x_wconf 83' lang='lat' dir='ltr'><strong>odorem</strong></span> <span class='ocrx_word' id='word_1_139' title='bbox 1019 1517 1144 1549; x_wconf 84' lang='lat' dir='ltr'><strong>varium</strong></span> 
     </span>
    </p>

    <p class='ocr_par' dir='ltr' id='par_1_20' title="bbox 512 1558 994 1597">
     <span class='ocr_line' id='line_1_36' title="bbox 512 1558 994 1597; baseline 0.011 -7"><span class='ocrx_word' id='word_1_140' title='bbox 512 1558 579 1590; x_wconf 86' lang='lat' dir='ltr'><strong>Dat</strong></span> <span class='ocrx_word' id='word_1_141' title='bbox 604 1559 818 1593; x_wconf 78' lang='lat' dir='ltr'><strong>colomannus</strong></span> <span class='ocrx_word' id='word_1_142' title='bbox 844 1563 994 1597; x_wconf 88' lang='lat' dir='ltr'><strong>moriens.</strong></span> 
     </span>
    </p>
   </div>
   <div class='ocr_carea' id='block_1_20' title="bbox 403 1636 1121 1824">
    <p class='ocr_par' dir='ltr' id='par_1_21' title="bbox 403 1636 1110 1768">
     <span class='ocr_line' id='line_1_37' title="bbox 403 1636 1047 1684; baseline 0.008 -16"><span class='ocrx_word' id='word_1_143' title='bbox 403 1636 435 1669; x_wconf 89' lang='lat'><strong>3.</strong></span> <span class='ocrx_word' id='word_1_144' title='bbox 461 1636 550 1668; x_wconf 83' lang='lat' dir='ltr'><strong>1ctus</strong></span> <span class='ocrx_word' id='word_1_145' title='bbox 576 1637 730 1678; x_wconf 84' lang='lat' dir='ltr'><strong>supplicii</strong></span> <span class='ocrx_word' id='word_1_146' title='bbox 757 1637 886 1671; x_wconf 71' lang='lat' dir='ltr'><strong>fortiter</strong></span> <span class='ocrx_word' id='word_1_147' title='bbox 911 1641 1047 1684; x_wconf 75' lang='lat' dir='ltr'><strong>patiens,</strong></span> 
     </span>
     <span class='ocr_line' id='line_1_38' title="bbox 461 1684 1121 1733; baseline 0.009 -18"><span class='ocrx_word' id='word_1_148' title='bbox 461 1684 606 1716; x_wconf 83' lang='lat' dir='ltr'>Palmam</span> <span class='ocrx_word' id='word_1_149' title='bbox 629 1686 778 1727; x_wconf 82' lang='lat' dir='ltr'><strong>martyrii</strong></span> <span class='ocrx_word' id='word_1_150' title='bbox 805 1695 904 1719; x_wconf 84' lang='lat' dir='ltr'><strong>ovans</strong></span> <span class='ocrx_word' id='word_1_151' title='bbox 930 1689 1121 1733; x_wconf 70' lang='lat' dir='ltr'><strong>suscipiens,</strong></span> 
     </span>
     <span class='ocr_line' id='line_1_39' title="bbox 459 1732 1024 1768; baseline 0.009 -5"><span class='ocrx_word' id='word_1_152' title='bbox 459 1732 547 1764; x_wconf 79' lang='lat' dir='ltr'><strong>Hinc</strong></span> <span class='ocrx_word' id='word_1_153' title='bbox 572 1732 734 1765; x_wconf 79' lang='lat' dir='ltr'><strong>beneficia</strong></span> <span class='ocrx_word' id='word_1_154' title='bbox 758 1737 862 1767; x_wconf 85' lang='lat' dir='ltr'><strong>mater</strong></span> <span class='ocrx_word' id='word_1_155' title='bbox 888 1736 1024 1768; x_wconf 78' lang='lat' dir='ltr'><strong>eeclesia</strong></span> 
     </span>
    </p>

    <p class='ocr_par' dir='ltr' id='par_1_22' title="bbox 510 1781 964 1824">
     <span class='ocr_line' id='line_1_40' title="bbox 510 1781 964 1824; baseline 0.009 -12"><span class='ocrx_word' id='word_1_156' title='bbox 510 1781 573 1813; x_wconf 84' lang='lat' dir='ltr'><strong>Per</strong></span> <span class='ocrx_word' id='word_1_157' title='bbox 600 1790 671 1813; x_wconf 90' lang='lat' dir='ltr'><strong>eum</strong></span> <span class='ocrx_word' id='word_1_158' title='bbox 696 1782 793 1823; x_wconf 71' lang='lat' dir='ltr'><strong>plura</strong></span> <span class='ocrx_word' id='word_1_159' title='bbox 818 1784 964 1824; x_wconf 84' lang='lat' dir='ltr'><strong>suscipit.</strong></span> 
     </span>
    </p>
   </div>
   <div class='ocr_carea' id='block_1_21' title="bbox 398 1857 1137 2046">
    <p class='ocr_par' dir='ltr' id='par_1_23' title="bbox 398 1857 1137 1997">
     <span class='ocr_line' id='line_1_41' title="bbox 398 1857 1061 1905; baseline 0.008 -16"><span class='ocrx_word' id='word_1_160' title='bbox 398 1857 432 1890; x_wconf 88' lang='lat'><strong>4.</strong></span> <span class='ocrx_word' id='word_1_161' title='bbox 460 1857 519 1896; x_wconf 80' lang='lat' dir='ltr'><strong>Qui</strong></span> <span class='ocrx_word' id='word_1_162' title='bbox 547 1858 708 1897; x_wconf 84' lang='lat' dir='ltr'><strong>patientia</strong></span> <span class='ocrx_word' id='word_1_163' title='bbox 731 1861 894 1892; x_wconf 84' lang='lat' dir='ltr'><strong>tormenta</strong></span> <span class='ocrx_word' id='word_1_164' title='bbox 919 1866 1061 1905; x_wconf 82' lang='lat' dir='ltr'><strong>superat,</strong></span> 
     </span>
     <span class='ocr_line' id='line_1_42' title="bbox 457 1905 1043 1954; baseline 0.01 -18"><span class='ocrx_word' id='word_1_165' title='bbox 457 1905 570 1937; x_wconf 79' lang='lat' dir='ltr'><strong>Meriti</strong></span> <span class='ocrx_word' id='word_1_166' title='bbox 596 1908 702 1947; x_wconf 83' lang='lat' dir='ltr'><strong>gratia</strong></span> <span class='ocrx_word' id='word_1_167' title='bbox 726 1911 875 1948; x_wconf 85' lang='lat' dir='ltr'><strong>aegrotos</strong></span> <span class='ocrx_word' id='word_1_168' title='bbox 901 1914 1043 1954; x_wconf 77' lang='lat' dir='ltr'><strong>repa1·,at</strong></span> 
     </span>
     <span class='ocr_line' id='line_1_43' title="bbox 456 1953 1137 1997; baseline 0.007 -11"><span class='ocrx_word' id='word_1_169' title='bbox 456 1953 567 1986; x_wconf 87' lang='lat' dir='ltr'><strong>Effuso</strong></span> <span class='ocrx_word' id='word_1_170' title='bbox 594 1955 750 1996; x_wconf 86' lang='lat' dir='ltr'><strong>sanguine</strong></span> <span class='ocrx_word' id='word_1_171' title='bbox 774 1966 834 1997; x_wconf 90' lang='lat' dir='ltr'><strong>pro</strong></span> <span class='ocrx_word' id='word_1_172' title='bbox 861 1956 984 1990; x_wconf 85' lang='lat' dir='ltr'><strong>Christi</strong></span> <span class='ocrx_word' id='word_1_173' title='bbox 1009 1960 1137 1991; x_wconf 88' lang='lat' dir='ltr'><strong>nomine</strong></span> 
     </span>
    </p>

    <p class='ocr_par' dir='ltr' id='par_1_24' title="bbox 504 2003 912 2046">
     <span class='ocr_line' id='line_1_44' title="bbox 504 2003 912 2046; baseline 0.005 -11"><span class='ocrx_word' id='word_1_174' title='bbox 504 2003 660 2035; x_wconf 82' lang='lat' dir='ltr'><strong>Bravium</strong></span> <span class='ocrx_word' id='word_1_175' title='bbox 686 2004 759 2037; x_wconf 84' lang='lat' dir='ltr'><strong>viae</strong></span> <span class='ocrx_word' id='word_1_176' title='bbox 783 2006 912 2046; x_wconf 84' lang='lat' dir='ltr'><strong>arripit.</strong></span> 
     </span>
    </p>
   </div>
   <div class='ocr_carea' id='block_1_22' title="bbox 394 2080 1157 2261">
    <p class='ocr_par' dir='ltr' id='par_1_25' title="bbox 394 2080 1157 2218">
     <span class='ocr_line' id='line_1_45' title="bbox 394 2080 1155 2127; baseline 0.005 -15"><span class='ocrx_word' id='word_1_177' title='bbox 394 2081 426 2114; x_wconf 87' lang='grc'><strong>5.</strong></span> <span class='ocrx_word' id='word_1_178' title='bbox 455 2080 480 2113; x_wconf 94' lang='lat' dir='ltr'>O</span> <span class='ocrx_word' id='word_1_179' title='bbox 507 2083 643 2121; x_wconf 84' lang='lat' dir='ltr'><strong>martyr,</strong></span> <span class='ocrx_word' id='word_1_180' title='bbox 672 2082 796 2113; x_wconf 83' lang='lat' dir='ltr'><strong>semina</strong></span> <span class='ocrx_word' id='word_1_181' title='bbox 822 2083 989 2123; x_wconf 85' lang='lat' dir='ltr'><strong>culparum</strong></span> <span class='ocrx_word' id='word_1_182' title='bbox 1015 2093 1155 2127; x_wconf 86' lang='lat' dir='ltr'><strong>remove,</strong></span> 
     </span>
     <span class='ocr_line' id='line_1_46' title="bbox 455 2128 1157 2176; baseline 0.009 -16"><span class='ocrx_word' id='word_1_183' title='bbox 455 2128 619 2160; x_wconf 88' lang='lat' dir='ltr'><strong>Virtutum</strong></span> <span class='ocrx_word' id='word_1_184' title='bbox 646 2130 790 2170; x_wconf 83' lang='lat' dir='ltr'><strong>germina</strong></span> <span class='ocrx_word' id='word_1_185' title='bbox 814 2131 848 2162; x_wconf 88' lang='lat' dir='ltr'><strong>in</strong></span> <span class='ocrx_word' id='word_1_186' title='bbox 874 2131 967 2165; x_wconf 86' lang='lat' dir='ltr'><strong>nobis</strong></span> <span class='ocrx_word' id='word_1_187' title='bbox 993 2141 1157 2176; x_wconf 87' lang='lat' dir='ltr'><strong>promove,</strong></span> 
     </span>
     <span class='ocr_line' id='line_1_47' title="bbox 453 2176 1045 2218; baseline 0.005 -10"><span class='ocrx_word' id='word_1_188' title='bbox 453 2176 500 2209; x_wconf 87' lang='lat' dir='ltr'><strong>Ut</strong></span> <span class='ocrx_word' id='word_1_189' title='bbox 525 2178 572 2209; x_wconf 85' lang='lat' dir='ltr'><strong>ita</strong></span> <span class='ocrx_word' id='word_1_190' title='bbox 597 2177 701 2209; x_wconf 87' lang='lat' dir='ltr'><strong>libere</strong></span> <span class='ocrx_word' id='word_1_191' title='bbox 726 2179 886 2218; x_wconf 88' lang='lat' dir='ltr'><strong>possimus</strong></span> <span class='ocrx_word' id='word_1_192' title='bbox 914 2188 1045 2212; x_wconf 84' lang='lat' dir='ltr'><strong>currere</strong></span> 
     </span>
    </p>

    <p class='ocr_par' dir='ltr' id='par_1_26' title="bbox 500 2225 943 2261">
     <span class='ocr_line' id='line_1_48' title="bbox 500 2225 943 2261; baseline 0.005 -3"><span class='ocrx_word' id='word_1_193' title='bbox 500 2226 539 2258; x_wconf 87' lang='lat' dir='ltr'><strong>In</strong></span> <span class='ocrx_word' id='word_1_194' title='bbox 566 2225 793 2258; x_wconf 75' lang='lat' dir='ltr'><strong>mandatorum</strong></span> <span class='ocrx_word' id='word_1_195' title='bbox 818 2227 943 2261; x_wconf 80' lang='lat' dir='ltr'><strong>semita.</strong></span> 
     </span>
    </p>
   </div>
   <div class='ocr_carea' id='block_1_23' title="bbox 391 2301 1152 2482">
    <p class='ocr_par' dir='ltr' id='par_1_27' title="bbox 391 2301 1152 2440">
     <span class='ocr_line' id='line_1_49' title="bbox 391 2301 1134 2348; baseline 0.004 -14"><span class='ocrx_word' id='word_1_196' title='bbox 391 2302 424 2334; x_wconf 88' lang='lat'><strong>6.</strong></span> <span class='ocrx_word' id='word_1_197' title='bbox 451 2301 596 2342; x_wconf 87' lang='lat' dir='ltr'><strong>Implora</strong></span> <span class='ocrx_word' id='word_1_198' title='bbox 621 2303 773 2343; x_wconf 85' lang='lat' dir='ltr'><strong>precibus</strong></span> <span class='ocrx_word' id='word_1_199' title='bbox 798 2304 925 2344; x_wconf 84' lang='lat' dir='ltr'><strong>iugibus</strong></span> <span class='ocrx_word' id='word_1_200' title='bbox 951 2304 1134 2348; x_wconf 85' lang='lat' dir='ltr'><strong>Dominum,</strong></span> 
     </span>
     <span class='ocr_line' id='line_1_50' title="bbox 449 2349 1132 2394; baseline 0.004 -12"><span class='ocrx_word' id='word_1_201' title='bbox 449 2349 552 2383; x_wconf 84' lang='lat' dir='ltr'><strong>Nobis</strong></span> <span class='ocrx_word' id='word_1_202' title='bbox 578 2351 777 2392; x_wconf 86' lang='lat' dir='ltr'><strong>pauperibus</strong></span> <span class='ocrx_word' id='word_1_203' title='bbox 803 2361 946 2385; x_wconf 84' lang='lat' dir='ltr'><strong>amorem</strong></span> <span class='ocrx_word' id='word_1_204' title='bbox 971 2353 1132 2394; x_wconf 84' lang='lat' dir='ltr'><strong>geminum</strong></span> 
     </span>
     <span class='ocr_line' id='line_1_51' title="bbox 448 2398 1152 2440; baseline 0.006 -10"><span class='ocrx_word' id='word_1_205' title='bbox 448 2398 571 2430; x_wconf 87' lang='lat' dir='ltr'><strong>Libens</strong></span> <span class='ocrx_word' id='word_1_206' title='bbox 598 2403 633 2431; x_wconf 92' lang='lat' dir='ltr'><strong>ut</strong></span> <span class='ocrx_word' id='word_1_207' title='bbox 657 2400 782 2432; x_wconf 87' lang='lat' dir='ltr'><strong>tribuat</strong></span> <span class='ocrx_word' id='word_1_208' title='bbox 806 2404 903 2440; x_wconf 84' lang='lat' dir='ltr'><strong>atque</strong></span> <span class='ocrx_word' id='word_1_209' title='bbox 928 2410 986 2433; x_wconf 86' lang='lat' dir='ltr'><strong>nos</strong></span> <span class='ocrx_word' id='word_1_210' title='bbox 1011 2401 1152 2434; x_wconf 86' lang='lat' dir='ltr'><strong>instruat</strong></span> 
     </span>
    </p>

    <p class='ocr_par' dir='ltr' id='par_1_28' title="bbox 497 2447 896 2482">
     <span class='ocr_line' id='line_1_52' title="bbox 497 2447 896 2482; baseline 0.008 -3"><span class='ocrx_word' id='word_1_211' title='bbox 497 2447 650 2480; x_wconf 83' lang='lat' dir='ltr'><strong>Reddere</strong></span> <span class='ocrx_word' id='word_1_212' title='bbox 675 2452 751 2480; x_wconf 82' lang='lat' dir='ltr'><strong>vota</strong></span> <span class='ocrx_word' id='word_1_213' title='bbox 777 2448 896 2482; x_wconf 85' lang='lat' dir='ltr'><strong>debita.</strong></span> 
     </span>
    </p>
   </div>
  </div>
 </body>
</html>
