1651 2700
703 141 967 177 —221—

599 244 647 276 55.
688 244 825 284 Hymnus
847 245 885 277 (le
906 246 1071 286 apostolis.

123 357 129 366 ,
181 323 214 356 1.
243 322 299 355 Sal
323 326 432 356 terrae
458 327 533 356 sunt
560 324 724 366 discipuli,
877 329 909 360 4.
933 327 996 360 Est
1020 329 1239 368 apostolorum
1266 327 1420 369 princeps

240 372 288 405 Ut
314 380 384 405 cum
412 380 449 404 eo
475 372 638 413 saliretur,
936 375 1021 408 Nam
1048 386 1068 408 a
1092 376 1162 408 Deo
1189 377 1305 409 Petrus
1331 379 1474 415 sanctus,

240 419 285 452 Et
310 420 449 460 apostoli
474 420 533 453 lux
558 420 682 461 mundi,
936 423 1001 455 Hic
1025 433 1123 466 papa,
1151 433 1292 457 summus
1318 423 1477 466 pontifex,

241 467 338 501 Orbis
362 468 426 500 iam
451 468 675 510 luminaretur‚
937 470 1005 503 Sibi
1029 472 1134 511 primo
1160 472 1266 505 maior
1290 474 1429 515 mantus,

240 516 278 548 In
303 515 370 548 fide
395 516 428 548 hi
453 516 635 557 clarissimi,
936 518 1086 551 Paradisi
1113 523 1203 551 tenet
1229 521 1345 561 claves,

241 563 287 596 Ut
311 572 371 604 per
395 572 450 596 eos
476 565 677 599 crederetur.
937 566 1004 599 Ubi
1029 566 1096 598 vita
1122 576 1250 608 semper
1276 572 1399 601 cantus,

180 651 212 683 2.
240 650 357 682 Totum
381 650 536 683 mundum
564 648 789 695 circu[i]erunt
878 654 910 686 5.
934 652 1061 684 Lucent
1084 652 1226 693 ipsorum
1254 663 1364 696 opera,

239 697 357 730 Sancto
384 698 500 738 spiritu
525 699 654 740 repleti,
936 700 982 733 Et
1007 704 1121 741 patent
1145 701 1226 733 haec
1250 701 1444 744 hominibuS,

239 746 355 778 Fidem
381 747 416 779 hi
439 747 722 791 praedicaverunt,
936 748 1042 781 Corde
1068 753 1230 782 sumentes
1255 750 1382 790 proelia

240 794 367 826 Inimici
393 798 469 827 sunt
496 795 606 837 deleti,
934 796 1105 829 Habentur
1128 807 1188 839 pro
1213 798 1420 838 martyribus

240 841 394 875 Infidelcs
421 843 623 875 reduxerunt
937 845 1039 877 Morti
1063 848 1220 885 ponentes
1246 855 1393 889 corpora,

240 890 476 931 Expugnantes
503 892 602 924 corde
627 891 716 926 laeti.
937 893 985 926 Ut
1008 893 1095 925 salus
1122 897 1207 926 esset
1231 894 1389 934 gentibus,

936 940 1084 973 Fuerunt
1108 942 1142 973 hi
1166 942 1363 974 candelabra

180 978 213 1010 3.
240 977 324 1009 Nam
352 976 483 1010 fuerunt
506 977 540 1010 hi
567 980 749 1010 constantes
939 989 1133 1028 Praeposjta
1158 989 1343 1023 hminum&

242 1024 294 1057 Ac
313 1025 347 1057 in
373 1024 440 1058 fidc
465 1026 564 1058 corde
589 1025 701 1064 fortes,

246 1073 353 1105 Iesum
380 1073 544 1106 Christum
580 1074 808 1114 praedicantes
880 1075 912 1107 6.
939 1074 1036 1115 Digni
1062 1077 1146 1118 sunt,
1172 1078 1209 1106 ut
1233 1075 1442 1117 honorentur,

243 1119 504 1163 Virtutum[que]
532 1121 564 1153 hi
591 1124 754 1153 consortes
938 1122 985 1154 Et
1007 1121 1088 1154 felix
1114 1123 1158 1154 sit
1184 1123 1348 1164 memoria,

244 1168 462 1209 Inimicosque
487 1171 703 1210 prostrantes,
938 1169 1062 1201 Horum
1089 1168 1173 1202 festa
1200 1170 1411 1212 celebrentur,

243 1215 317 1248 Non
344 1217 493 1248 timentes
519 1217 632 1248 mortis
658 1220 772 1249 sortes.
937 1217 1085 1249 Fuerunt
1108 1218 1142 1249 in
1168 1218 1315 1261 victoria,

611 1302 655 1334 Hi
682 1311 701 1334 a
727 1301 850 1334 cunctis
876 1306 1072 1335 venerentur

610 1351 649 1383 In
674 1349 774 1393 fama,
800 1350 910 1393 laude,
935 1351 1049 1391 gloria.

569 1471 614 1502 56.
656 1471 794 1511 Hymnus
817 1470 855 1502 (le
875 1470 1105 1504 sacerdotibus.

179 1552 209 1584 1.
238 1552 326 1585 Ordo
351 1552 417 1585 iam
442 1552 654 1585 sacerdotalis
873 1554 906 1587 4.
931 1552 1005 1585 Non
1031 1554 1119 1586 valet
1144 1554 1311 1595 quisquam
1338 1562 1461 1595 regere,

235 1599 314 1632 Fuit
338 1600 388 1633 his
414 1610 434 1633 a
458 1602 529 1634 Deo
555 1599 669 1643 factus,
931 1600 966 1633 Si
992 1601 1061 1633 eius
1085 1601 1154 1634 vita
1179 1602 1356 1645 spernitur,

237 1648 331 1680 Haec
357 1649 436 1682 dicit
462 1645 544 1693 [lex]
570 1649 761 1682 decretalis:
931 1648 966 1681 Si
992 1650 1075 1682 solet
1101 1659 1200 1691 saepe
1227 1650 1356 1693 fallere,

235 1696 284 1729 Tu
311 1697 355 1729 sis
382 1697 497 1738 dignus
518 1697 600 1729 bene
625 1700 725 1735 actm,
930 1697 995 1729 Hic
1020 1697 1122 1730 bonus
1148 1708 1213 1731 non
1238 1699 1467 1740 praesumitur,

235 1744 306 1777 Deo
332 1745 375 1777 sis
402 1745 581 1785 spiritualis
934 1746 995 1785 Qui
1019 1746 1130 1779 studet
1155 1747 1238 1779 bene
1262 1746 1380 1790 facere,

234 1792 280 1825 Et
314 1802 378 1825 non
403 1794 448 1826 sis
473 1794 515 1826 ad
542 1794 660 1826 malum
686 1794 800 1828 iactus,
936 1794 1094 1827 Doctrina
1120 1796 1188 1827 eius
1216 1796 1355 1836 capitur.

178 1881 210 1913 2.
239 1879 287 1912 Te
310 1880 416 1921 ipsum
442 1881 547 1921 primo
573 1881 726 1924 corrigaS,
875 1883 908 1915 5.
935 1882 1012 1922 Quis
1037 1883 1172 1926 positus,
1200 1885 1236 1915 ut
1262 1883 1414 1925 corrigat,

234 1928 286 1961 Da
310 1929 389 1961 inde
413 1929 644 1972 magisterium,
934 1929 969 1962 Si
994 1929 1090 1974 fallit,
1118 1931 1172 1963 hic
1196 1932 1421 1975 contemnitur,

235 1976 300 2010 Sed
328 1986 416 2021 cave,
444 1986 485 2010 ne
511 1981 544 2010 te
569 1979 734 2021 neglegas,
934 1978 1009 2011 Non
1034 1980 1168 2019 relevat,
1197 1980 1226 2012 si
1251 1981 1377 2023 doceat,

233 2026 379 2058 Incurris
405 2027 650 2069 improperium,
935 2027 1015 2060 Cum
1039 2029 1125 2060 male
1151 2032 1239 2061 certe
1264 2029 1398 2072 geritur,

233 2074 409 2108 Doctrinas
435 2076 633 2116 apostolicas
933 2076 1125 2109 Doctrinam
1150 2077 1209 2109 ille
1233 2078 1390 2119 porrigat,

233 2122 286 2155 Da
311 2132 470 2166 servaque
494 2125 694 2166 mysterium.
933 2125 994 2165 Qui
1019 2125 1121 2158 bonus
1147 2134 1224 2158 vere
1250 2127 1403 2159 cernitur.

175 2212 208 2245 3.
235 2211 285 2243 Tu
312 2211 452 2243 vicarius
479 2220 513 2243 es
542 2211 674 2254 Christi,
874 2212 909 2245 6.
933 2213 984 2245 Tu
1009 2211 1173 2244 sacrificas
1200 2212 1242 2245 ad
1268 2212 1372 2244 Deum

233 2260 330 2292 Vices
354 2269 470 2301 gerens
497 2263 532 2292 tu
558 2270 592 2292 ln
618 2260 726 2304 terris,
934 2261 978 2294 Et
1003 2263 1039 2291 tu
1066 2260 1212 2292 celebras
1240 2261 1360 2304 divina,

233 2307 336 2342 Serva
361 2312 406 2353 tu,
435 2309 522 2349 quod
548 2309 737 2352 promisisti,
934 2309 984 2341 Tu
1010 2308 1259 2349 sanctificasque
1283 2318 1384 2351 reum,

233 2356 285 2389 Sis
310 2357 530 2398 honestusque
554 2356 673 2398 fidelis,
934 2357 983 2389 Tu
1008 2353 1188 2401 geris[que]
1217 2357 1280 2390 Dei
1305 2359 1407 2400 signa,

233 2404 371 2438 Sanctus
398 2414 442 2449 cs,
470 2406 497 2438 si
523 2410 558 2438 tu
584 2404 704 2447 fecisti,
929 2405 1000 2438 Tua
1026 2414 1104 2437 cura
1130 2407 1216 2438 circa
1241 2415 1313 2438 eum

231 2454 321 2494 Quae
346 2455 515 2487 mandavit
537 2463 594 2486 rex
623 2454 784 2487 caelestis.
935 2453 985 2486 Sit
1008 2456 1206 2495 acceptaque
1231 2455 1384 2498 benigna.
