1651 2700
749 126 1007 162 —194-

243 231 275 263 3.
301 231 350 262 Tu
375 238 419 271 eS,
446 228 601 267 Christus,
627 225 841 265 triumphator
927 226 958 257 5.
986 222 1116 255 Cunctis
1141 228 1316 261 purgemur
1341 217 1440 256 vitiis,

299 278 411 317 Tuque
438 277 602 308 damnatos
627 274 779 313 liberans,
983 270 1121 303 Utamur
1145 277 1203 300 nos
1230 265 1414 306 virtutibus,

298 326 347 357 Tu
374 333 406 356 es
432 324 544 362 victor,
571 325 780 364 expugnator,
982 318 1161 358 Epulemur
1187 311 1275 358 (nos)
1301 314 1334 345 in
1360 313 1483 353 acimis,

298 373 347 404 Tu
371 381 427 403 nos
454 372 633 411 prostratos
659 369 840 411 sublevans,
986 365 1110 398 Sinceri
1134 364 1233 396 simus
1258 361 1420 404 cordibus,

299 420 348 452 Tu
373 428 407 450 es
432 417 551 451 inferni
575 420 744 459 pugnator,
986 415 1031 448 Ut
1055 416 1174 445 stemus
1200 420 1258 443 nos
1282 411 1316 442 in
1339 408 1503 450 praemiis,

298 467 347 499 Tu
371 466 483 499 fideles
510 468 596 497 certe
621 466 759 498 salvans
986 461 1121 494 Utamur
1146 460 1265 493 sanctis
1291 457 1446 490 moribus.

242 573 274 607 4.
301 573 370 605 Ista
399 571 450 603 die
474 580 532 602 nos
556 571 713 602 laetemur
928 569 959 602 6.
986 567 1147 600 Pellamus
1173 565 1259 597 mala
1281 567 1402 603 vetera,

301 619 347 652 Et
371 619 404 650 in
429 619 501 658 ipsa
526 618 718 658 gaudeamus
984 615 1104 648 Christi
1127 623 1216 646 arma
1240 621 1298 644 nos
1324 619 1494 650 sumamus,

304 664 372 710 [Et]
400 667 482 698 hanc
508 666 592 698 diem
616 673 813 704 veneremur,
988 662 1148 694 Malorum
1176 663 1289 693 cuncta
1315 668 1434 700 genera

301 714 369 746 Nos
393 714 427 745 in
455 713 581 746 Christo
606 721 799 752 maneamus,
987 710 1056 742 Iam
1081 719 1102 741 a.
1124 709 1217 741 nobis
1242 708 1447 748 repellamus,

298 762 403 793 Iesum
428 761 587 793 Christum
612 769 669 792 nos
694 760 858 792 hortemur
988 758 1154 790 Sumentes
1182 756 1301 789 Christi
1327 764 1425 787 onera

302 810 352 840 Ac
376 809 409 840 in
435 808 563 841 Christo
589 808 799 848 quiescamus,
989 805 1056 837 Nos
1083 805 1212 837 contriti
1236 812 1430 835 maneamus.

587 914 618 945 7.
646 913 681 945 In
709 912 768 944 hoc
794 911 940 952 paschali
964 910 1079 951 gaudio

644 960 748 992 Simus
777 961 941 991 cantantes
968 958 1112 999 humiles,

646 1005 712 1050 (In)
739 1007 800 1038 hoc
826 1006 992 1046 epulemur
1017 1005 1153 1044 prandio

645 1055 712 1086 Nos
738 1055 941 1086 lacrimantes
968 1053 1095 1094 iubiles,

648 1103 804 1140 Christus,
832 1101 1010 1140 triumphas
1035 1100 1169 1142 proelio,

646 1149 695 1181 Tu
720 1158 777 1181 nos
804 1157 920 1180 corona
944 1148 1116 1189 supplices.

600 1296 641 1328 13.
682 1297 817 1336 Hymnus
840 1295 922 1327 alius
944 1304 1040 1336 super
1061 1295 1178 1327 eodem.

250 1398 281 1431 1.
307 1397 399 1429 Istud
424 1396 576 1436 paschale
601 1397 750 1437 gaudium
935 1398 965 1429 3.
992 1396 1030 1428 In
1059 1396 1182 1428 Pascha
1206 1395 1383 1427 venerabili

308 1444 386 1487 Nos,
411 1448 446 1475 ut
472 1445 573 1485 decet,
602 1444 772 1486 capiamus,
994 1444 1152 1476 Intremus
1179 1441 1246 1485 -ad]
1273 1452 1415 1475 mensam
1441 1443 1509 1485 loti,

307 1492 399 1524 Istud
424 1492 575 1531 paschale
600 1492 770 1531 prandium
998 1492 1037 1523 In
1062 1494 1157 1523 cantu
1182 1491 1374 1531 peramabili

308 1539 375 1571 Nos
400 1539 435 1570 in
461 1538 588 1571 Christo
614 1540 824 1581 comedamus,
994 1540 1190 1570 Veneremur
1215 1538 1319 1570 Deum
1343 1539 1405 1571 toti

309 1587 401 1619 Istud
427 1586 469 1618 sit
493 1587 620 1627 plenum
648 1587 807 1629 laudibus,
996 1587 1032 1619 In
1058 1595 1200 1626 voceque
1226 1587 1379 1618 cantabili

308 1633 376 1666 Nos
401 1634 549 1666 timentes
577 1634 755 1674 diligamus.
994 1634 1063 1666 Deo
1089 1635 1187 1665 simus
1212 1644 1271 1667 nos
1301 1635 1418 1668 devoti.

255 1740 287 1771 2.
314 1738 396 1770 Nam
422 1746 480 1778 per
505 1741 537 1769 te
562 1739 705 1771 salvatur
731 1739 830 1779 orbis,
936 1740 971 1771 4.
998 1738 1072 1771 Non
1096 1739 1130 1770 in
1155 1739 1259 1771 veteri
1285 1737 1442 1772 fermento

310 1785 377 1817 Nos
403 1786 547 1818 videmus
573 1787 780 1830 paradisium,
998 1787 1170 1819 Valeamus
1197 1787 1334 1828 epulari,

310 1833 498 1865 Liberamur
524 1843 581 1866 nos
606 1844 626 1866 a
650 1834 778 1878 morbis,
999 1834 1062 1866 Sed
1088 1843 1172 1867 nova
1195 1835 1238 1866 sit
1264 1836 1467 1875 conspersio3

310 1880 521 1912 Perderamus
546 1885 634 1913 certe
658 1882 782 1922 visum3
1000 1882 1068 1914 Nos
1093 1882 1244 1914 debemus
1271 1884 1455 1924 expurgari,

312 1928 498 1960 Reddidisti
523 1930 621 1960 vitam
646 1929 749 1970 nobis,
999 1930 1091 1961 Haec
1115 1934 1228 1963 sancta
1251 1932 1445 1964 resurrectio

312 1975 381 2014 Qua
403 1976 549 2008 videmus
573 1977 654 2008 lucis
680 1978 790 2011 risum.
999 1978 1134 2017 Quidem
1160 1976 1240 2010 facit
1263 1988 1320 2011 nos
1346 1980 1477 2013 salvari.

598 2083 628 2113 5.
655 2080 775 2112 Divina
799 2080 918 2113 Christi
944 2082 1041 2122 natio,

656 2127 810 2169 Concepti
835 2132 945 2161 sancto
971 2130 1096 2172 spiritu,

660 2175 850 2216 Christoque
876 2177 947 2209 dira
972 2178 1090 2219 passio,

657 2223 748 2255 Mors
774 2226 868 2256 atrox
891 2225 925 2256 in
949 2225 1091 2270 interitu,

656 2271 729 2303 Lux
755 2271 876 2304 Christi
901 2274 1105 2315 resurrectio,

657 2319 858 2352 Recessimus
875 2330 895 2352 a
912 2321 1040 2361 gemitu.

322 2419 349 2455 4,
370 2419 388 2448 3
408 2423 587 2457 consparsio.
609 2437 645 2441 —-
667 2420 693 2456 5,
714 2419 732 2449 3
753 2422 825 2450 diris
845 2425 954 2459 passio.
