1651 2700
304 208 351 240 ln
378 211 411 243 2.
440 210 661 251 Vesperis.

381 276 580 313 Antiphonae.

180 323 213 356 1.
241 324 399 366 Saganam
424 327 616 359 dominicam

284 374 410 407 Mundo
437 375 672 416 immerserunt,

236 421 375 454 Multam
400 423 454 463 qui
479 423 682 456 barbaricam

284 469 420 502 Gentem
445 472 692 511 prendiderunt.

173 538 207 570 2.
236 537 405 570 ConservIS
433 539 626 571 dominicum

282 585 401 626 Dignis
427 589 460 618 et
484 587 625 628 indignis

232 633 421 674 Erogarunt
444 635 587 667 triticum

281 681 328 713 Et
352 682 461 714 verbis
487 686 519 714 et
544 683 654 724 signis,

173 748 207 782 3.
233 747 365 780 Eritin
391 750 548 782 memoria

278 796 365 829 Laus
391 797 504 829 horum
530 802 672 841 aeterna,

233 844 317 877 Data
345 846 429 877 enim
455 847 558 886 gloria

278 892 340 925 Est
364 894 411 925 eis
437 903 586 934 superna.

168 958 203 993 4.
230 959 302 991 Duo
327 959 383 991 isti
407 961 514 993 omnia

276 1006 407 1039 Domini
433 1008 585 1041 mandata

228 1054 356 1087 Mundo
382 1064 441 1095 per
467 1056 592 1096 eloquia

277 1103 500 1143 Vulgaverunt
524 1107 625 1144 grata.

229 1159 254 1186 B
274 1158 324 1186 fol.
347 1156 401 1186 169
422 1167 441 1186 a
460 1166 506 1195 sq.

810 116 954 152 85—

876 217 907 251 5.
936 215 1099 249 Virtutum
1127 217 1322 251 charismata

981 264 1126 297 Plurima
1151 270 1349 308 sparserunt,

932 312 988 344 Ad
1012 322 1091 345 vera
1115 313 1162 345 sio
1187 314 1323 347 sabbata

979 360 1094 393 Plures
1121 362 1352 396 conduxerunt.

1048 494 1095 522 Ad
1115 495 1297 532 Magnificat.

858 580 898 614 A.
935 581 1033 614 Sacro
1060 590 1132 614 cum
1155 583 1297 615 ternario

930 629 1061 662 Salubri
1085 629 1211 662 binario

978 678 1090 710 Dulcis
1117 682 1166 710 est
1189 679 1348 722 iunctura,

930 725 1029 758 Sacra
1055 726 1146 758 nobis
1173 727 1301 759 trinitas

929 772 978 805 Sit
1004 777 1036 806 et
1060 774 1139 806 haec
1166 774 1304 807 dualitas

977 822 1077 862 Opem
1101 822 1268 863 largitura,

928 870 1024 903 Cuius
1050 870 1084 902 in
1111 869 1246 913 trifaria,

925 918 1028 950 Immo
1054 917 1256 958 quadrifaria

974 965 1069 999 Orbis
1095 966 1256 1005 partitura

924 1012 1018 1045 Felix
1043 1012 1082 1045 fit
1105 1014 1268 1057 memoria,

923 1060 1019 1103 Laus,
1045 1061 1148 1092 honor
1174 1064 1206 1092 et
1230 1061 1331 1101 gloria

971 1107 1142 1147 Nunquam
1164 1109 1351 1140 transitura.

597 1252 642 1284 15.
683 1253 726 1285 De
747 1255 859 1286 saneto
880 1255 1036 1287 Udalrioo.

296 1332 646 1373 1111.Vespcris.

341 1398 437 1435 Super
456 1399 601 1428 Psalmos.

148 1448 193 1481 A.
219 1449 372 1481 Exsultet
396 1449 600 1489 Alemannia‚

224 1498 324 1537 Quam
351 1501 468 1529 ornant
492 1497 641 1529 natalitia

269 1545 417 1579 Udalrici
443 1545 532 1587 clari,

222 1594 319 1627 Clara
345 1593 433 1625 cuius
459 1593 633 1635 praeconia

221 1642 317 1675 Clare
342 1642 463 1682 promit
486 1641 623 1673 eeclesia

266 1690 319 1723 Ad
345 1698 435 1721 mare
458 1689 499 1721 de
523 1689 616 1722 mari.

146 1757 186 1790 R.
213 1758 302 1790 Mira
327 1758 429 1789 claret
455 1756 589 1788 caritate

267 1807 335 1838 Iste
358 1805 420 1837 Dei
438 1804 586 1847 famulus,

216 1854 261 1886 Et
282 1854 314 1886 in
341 1856 431 1885 tanta
456 1852 605 1885 claritate

264 1902 375 1935 Omnis
398 1904 509 1942 stupet
533 1902 655 1942 oculus,

214 1951 313 1991 Quem
342 1951 439 1991 digna
464 1949 681 1982 sollemnitate

262 2000 373 2033 Omnis
400 1999 478 2031 colit
502 1999 652 2039 populus,

137 2047 179 2080 V.
214 2048 311 2081 Cuius
336 2056 469 2088 prorsus
494 2047 607 2080 inclita

212 2095 291 2129 Gum
316 2097 436 2128 virtute
460 2096 578 2128 merita

260 2144 381 2177 Laudis
409 2145 518 2185 vulgat
545 2145 666 2178 titulus.

330 2231 375 2259 Ad
397 2230 579 2268 Magnificat.

134 2281 176 2314 A.
211 2280 289 2313 Flos
315 2280 474 2315 Udalrioe
498 2281 694 2322 praesulum,

210 2328 403 2370 Speculator
427 2333 459 2362 et
484 2330 650 2370 speculum

256 2377 431 2410 Militantis
458 2378 625 2421 ecclesiae,

256 2425 328 2458 Lux
352 2427 501 2459 caelestis
527 2427 664 2467 patriae,

917 1336 1028 1369 Exora
1050 1336 1113 1369 Dei
1137 1336 1247 1377 filium,

917 1384 986 1416 Nos
1010 1387 1048 1416 ut
1071 1388 1146 1425 post
1172 1385 1233 1417 hoo
1259 1386 1407 1418 exsilium

964 1433 1001 1465 In
1027 1433 1143 1466 throno
1168 1433 1255 1465 locet
1279 1434 1413 1474 gloriae.

978 1538 1040 1570 Ad
1065 1539 1332 1574 Matutinam.

1051 1625 1270 1653 Invitatorium.

912 1683 1034 1724 Regem
1059 1692 1168 1723 regem
1192 1684 1365 1716 adorantes

958 1730 1107 1771 Hymnis,
1134 1731 1267 1771 psalmis
1294 1736 1327 1763 et
1343 1733 1477 1765 canticis

910 1780 1053 1820 Agamus
1079 1778 1197 1811 festum
1222 1783 1354 1812 ovantes

961 1827 1111 1861 Udalrioi
1137 1827 1309 1868 pontificis,

977 1934 1023 1966 In
1052 1936 1083 1968 1.
1110 1934 1339 1968 Nocturno.

1055 2011 1253 2048 Antiphonae.

851 2070 883 2105 1.
910 2071 1065 2104 Fructum
1092 2070 1294 2104 salutiferum

952 2119 1011 2151 Vir
1037 2119 1100 2151 Dei
1125 2119 1238 2152 beatus

905 2168 1137 2207 Apprehendit
1162 2170 1306 2199 veterum

956 2216 1025 2248 Iter
1050 2216 1203 2248 imitatus.

847 2283 879 2316 2.
907 2282 995 2314 Voce
1020 2283 1094 2315 viva
1118 2283 1289 2323 praedicat

954 2331 1086 2363 Domini
1111 2334 1332 2375 praeceptum,

907 2378 946 2411 In
972 2388 1034 2420 quo
1060 2378 1131 2411 fore
1156 2380 1280 2412 indicat

956 2427 997 2460 Se
1025 2427 1095 2460 Deo
1121 2431 1298 2470 acceptum.
