1651 2700
702 119 965 155 —257—

452 206 509 238 113.
551 207 690 248 Hymnus
713 210 797 243 alius
819 212 857 244 de
877 222 978 246 uxore
998 223 1053 246 seu
1072 216 1218 249 muliere.

180 265 214 299 1.
243 264 308 298 Cur
334 267 433 299 audes
459 268 564 300 virum
589 279 713 312 regere,
877 275 909 307 5.
936 275 1009 309 Non
1035 286 1194 318 repugnes
1220 283 1255 311 tu
1281 288 1352 312 cum
1378 281 1457 325 viro,

239 313 389 354 Regendi
413 315 463 348 vis
489 317 683 350 arbitrium?
935 323 999 357 Sed
1025 325 1132 365 ipsum
1157 336 1239 367 ama,
1268 328 1391 372 timeaS,

239 361 323 394 Nam
350 363 431 395 velis
453 367 487 396 te
509 365 698 399 submittere
934 371 1008 404 Non
1035 371 1098 415 [tu]
1124 377 1189 406 stes
1214 375 1248 407 in
1273 376 1373 409 verbo
1401 377 1483 420 diro,

238 409 293 442 Ad
318 411 365 442 tui
392 411 453 443 viri
477 412 615 454 libitum,
934 419 984 451 Tu
1008 426 1178 454 mansueta
1202 433 1328 465 pareas,

238 457 288 489 Tu
314 459 460 491 meruisti
485 461 624 500 perdere
934 466 1007 499 Non
1034 465 1110 512 [tu],
1137 474 1203 503 stes
1228 471 1261 503 in
1287 475 1361 504 actu
1382 473 1474 513 nigro

236 505 305 537 Iam
331 507 482 547 paritatis
507 509 668 544 meritum.
935 514 975 547 In
999 515 1072 547 luce
1097 516 1159 548 Dei
1184 527 1330 559 peragas.

178 572 210 605 2.
235 572 416 605 Perdidisti
441 577 476 606 tu
502 575 666 619 virtutem,
873 582 905 616 6,
932 581 982 613 Tu
1008 583 1154 615 succedis
1179 585 1304 624 primae
1327 587 1425 630 Evae,

235 621 304 652 Iam
331 621 436 661 primo
463 631 533 654 cum
560 621 619 669 [tu]
644 627 797 670 peccasti,
930 630 1018 669 Quae
1042 630 1105 662 iam
1131 631 1198 664 ruit
1219 633 1253 664 in
1279 637 1458 673 peccatum.

235 667 409 710 Reliquisti
434 673 470 702 tu
495 672 642 713 salutem,
929 677 1007 717 Ipsa
1032 677 1110 710 fecit
1134 669 1253 712 malum
1279 691 1377 721 grave

235 715 318 748 Nam
346 726 415 749 cum
442 721 477 750 tu
502 722 746 766 praevaricasti,
928 726 1035 758 Adam
1062 725 1202 767 fecitque
1229 729 1425 771 damnatum,

233 762 406 797 Incurristi
431 768 630 808 servitutem,
929 772 993 806 Sed
1011 783 1070 814 per
1087 778 1234 808 sanctum
1251 777 1383 809 verbum
1401 778 1471 811 Ave

233 811 281 844 Te
303 812 336 844 in
363 815 476 853 poenis
503 816 679 850 collocasti.
928 821 1004 853 Fuit
1031 831 1164 861 regnum
1189 828 1387 865 reparatum.

173 878 206 911 3.
235 877 307 912 Non
332 883 382 912 est
406 881 440 913 in
466 885 498 914 te
524 883 692 926 perfectio,
870 889 900 922 7.
929 889 994 922 Cur
1019 892 1054 921 tu
1079 890 1224 935 molesta,
1251 892 1405 935 taedium,

231 926 301 959 Nec
328 925 389 972 [tu]
417 930 517 962 habes
542 931 752 973 intellectum,
927 936 993 969 Cur
1016 937 1086 970 viro
1111 942 1145 970 tu
1171 940 1404 972 recalcitrans?

231 974 302 1007 Nec
328 980 379 1008 est
403 977 435 1010 in
462 982 495 1010 te
520 982 687 1024 correctio,
927 984 991 1016 Cur
1015 985 1136 1017 bellum
1161 989 1196 1018 tu
1223 988 1416 1031 continuum,

230 1022 280 1055 Tu
305 1033 370 1056 non
395 1025 495 1058 habes
512 1036 640 1060 sensum
657 1032 792 1073 rectum,
926 1031 991 1064 Cur
1015 1033 1117 1065 virum
1144 1042 1177 1066 es
1203 1037 1238 1066 tu
1265 1035 1465 1076 desperans?

231 1070 297 1103 Sed
320 1073 462 1114 regimen
488 1075 523 1107 in
548 1077 702 1117 masculo,
925 1079 992 1112 Cur
1017 1080 1120 1112 refers
1143 1085 1179 1113 tu
1202 1082 1397 1124 incendium,

230 1119 288 1151 Cui
314 1129 483 1160 permanet
509 1131 704 1158 concessum.
925 1126 989 1160 Cur
1015 1128 1086 1160 viro
1111 1132 1146 1161 tu
1172 1138 1205 1161 es
1231 1130 1390 1162 obvians?

167 1185 201 1218 4.
229 1185 276 1217 Tu
302 1196 416 1227 regere
439 1198 502 1221 non
529 1192 660 1232 audeas,
863 1194 895 1227 8.
923 1193 974 1226 Sis
999 1196 1114 1227 mulier
1138 1196 1284 1240 pacifica,

226 1234 274 1265 Te
296 1235 407 1267 subice
432 1237 590 1280 regimini,
918 1242 1018 1284 Iusta,
1046 1247 1143 1286 casta,
1170 1245 1348 1289 moderata,

223 1281 399 1315 Humiliter
424 1285 592 1318 subiaceas
920 1289 1123 1323 Domesticos
1148 1292 1298 1336 laetifica,

225 1329 269 1362 Et
294 1340 374 1371 pare
399 1335 454 1364 tuo
479 1333 610 1378 homini,
922 1337 972 1370 Sis
997 1339 1031 1370 in
1058 1340 1181 1372 cunctis
1207 1341 1367 1382 ordinata,

224 1377 270 1410 Ut
294 1382 327 1411 te
349 1380 477 1412 laudari
503 1381 615 1423 facias,
923 1386 1100 1427 Quietaque
1125 1389 1280 1432 angelica,

222 1425 369 1459 Subicias
395 1432 428 1460 te
452 1430 576 1463 lumini.
918 1435 1065 1467 Prudens
1092 1440 1171 1479 esto,
1197 1441 1375 1473 mansueta.

511 1498 543 1530 9.
572 1498 667 1540 Cave,
693 1509 757 1533 non
782 1501 826 1533 sis
853 1502 965 1535 odiosa

569 1547 639 1579 Nec
663 1548 832 1590 iracunda,
859 1551 1001 1592 garrula,

571 1595 668 1639 Cave,
695 1606 758 1629 non
785 1598 830 1630 sis
857 1599 961 1631 otiosa

570 1643 640 1675 Nec
664 1644 840 1689 impudica,
868 1647 1011 1691 querula,

568 1692 663 1735 Cave,
691 1702 755 1725 non
780 1694 825 1726 sis
850 1694 1016 1738 bellicosa,

568 1739 613 1772 Ut
639 1740 742 1782 decet,
768 1751 876 1786 nosce,
902 1743 1027 1777 simula.

568 1815 625 1846 114.
665 1815 708 1847 De
728 1817 876 1858 patribus
898 1818 938 1849 ad
959 1818 1051 1850 filios.

158 1871 190 1905 1.
218 1873 278 1915 Tu,
304 1877 409 1916 pater,
438 1884 512 1917 rege
536 1876 632 1918 filios,
854 1881 886 1913 3.
913 1880 948 1913 Si
973 1890 1054 1921 puer
1078 1891 1141 1914 non
1167 1882 1338 1915 instruitur

215 1922 382 1957 Instanter
408 1924 498 1966 doce,
527 1926 662 1969 corrige,
912 1929 990 1973 Iam,
1020 1930 1095 1962 dum
1120 1932 1170 1962 est
1194 1931 1228 1963 in
1252 1931 1429 1974 iuventute,

214 1969 299 2003 Dum
327 1971 419 2004 vides
444 1973 519 2006 illos
544 1976 708 2017 parvulos,
910 1977 975 2010 Hic
999 1979 1142 2018 prudens
1167 1989 1231 2011 non
1257 1979 1407 2022 efficitur,

213 2018 405 2052 Doctrinam
430 2021 496 2054 illis
521 2024 663 2067 porrige,
909 2026 994 2058 Dum
1021 2027 1143 2068 vigebit
1167 2031 1343 2071 senectute,

212 2067 264 2099 Ne
288 2069 409 2108 perdas
436 2079 490 2103 eos
517 2072 638 2116 devios,
910 2075 1068 2107 Doctrina
1093 2076 1119 2107 si
1146 2076 1333 2118 porrigitur,

212 2115 286 2148 Non
312 2125 429 2159 arguas
455 2120 624 2152 acerrime?
908 2123 977 2156 Iam
1003 2123 1126 2156 lucebit
1151 2124 1204 2156 hic
1231 2125 1362 2157 virtute.

151 2184 184 2217 2.
213 2184 320 2228 Pater,
348 2195 412 2218 non
439 2189 474 2218 tu
501 2187 640 2220 delicate
847 2192 881 2224 4.
907 2191 968 2231 Qui
994 2191 1115 2231 corripi
1140 2201 1203 2224 non
1229 2192 1353 2232 patitur

209 2232 279 2265 Iam
305 2236 378 2266 tuos
403 2238 496 2268 natos
522 2237 656 2280 nutrias,
907 2239 952 2272 Et
977 2239 1155 2272 contemnit
1177 2249 1269 2280 quem
1291 2240 1470 2283 docentem,

210 2279 313 2314 Geras
340 2291 470 2324 semper
495 2285 662 2318 moderate
907 2287 945 2320 In
973 2287 1050 2319 vitio
1077 2288 1130 2319 hic
1156 2289 1294 2329 capitur,

207 2328 252 2361 Et
278 2331 418 2364 medium
446 2335 481 2365 tu
506 2336 628 2376 teneas,
905 2335 1088 2377 Regnoscet
1112 2345 1147 2368 se
1174 2335 1353 2378 deflentem,

209 2376 291 2410 Sunt
314 2378 347 2411 in
372 2380 417 2412 eis
445 2381 616 2423 colligatae
905 2384 937 2417 A
960 2384 1046 2416 mala
1071 2388 1175 2417 morte
1199 2385 1327 2426 rapitur

208 2425 385 2470 Stultitiae,
412 2439 490 2470 quas
517 2429 658 2472 refugas.
904 2431 950 2465 Et
974 2433 1099 2465 videbit
1124 2443 1159 2466 se
1184 2437 1339 2468 ruentem.

191 2484 334 2516 Droves,
351 2486 474 2512 Bonoore
492 2489 525 2513 de
542 2489 644 2514 Sancta
660 2491 791 2515 Victoris.
1259 2490 1292 2519 17
