1651 2700
139 225 178 257 V.
214 224 284 257 Rex
308 234 379 257 cum
403 224 488 257 omni
511 225 631 266 populo

259 272 379 305 Christi
403 272 530 313 quidem

261 319 364 352 Sumit
386 319 483 352 fidem

212 368 284 400 Hoc
306 369 375 400 viso
399 368 564 400 miraculo.

153 465 185 497 2.
212 464 300 497 Iacto
327 464 507 496 diademate

213 511 330 544 Sancto
357 512 468 544 doctus
493 513 663 551 pneumate

259 559 331 592 Rex
354 559 632 591 Bartholomaeum

217 606 321 639 Corde
347 609 430 639 totus
455 606 584 638 credulo

212 655 401 686 Aemulatur
426 654 536 685 sedulo

257 701 328 733 Non
350 701 532 741 relinquens
558 709 644 739 eum3

136 748 176 781 V.
210 747 304 780 Vitae
329 756 483 789 quaerens
508 748 653 780 bravium

254 795 413 828 Diadema

260 842 379 883 Calcat,
405 842 533 874 schema

211 889 322 922 Flocci
346 890 460 930 pendit
483 889 614 929 regium.

151 986 182 1019 3.
207 985 305 1025 Regis
330 984 431 1017 frater
458 985 617 1025 dyscolus,

208 1032 255 1065 Ut
274 1033 354 1064 assit
376 1033 550 1073 apostoluS‚

255 1080 349 1112 Iubet
374 1081 483 1112 dicens
508 1079 586 1111 sibi:

211 1124 278 1161 Cur
302 1126 436 1159 fallendi
461 1127 587 1159 vinculo

210 1175 399 1207 Perversum
426 1183 496 1205 cum
519 1174 639 1214 populo

257 1221 374 1254 Subdis
399 1230 506 1262 regem
531 1220 612 1253 tibi?

139 1269 178 1302 V.
213 1269 348 1303 Sanctus
371 1269 417 1301 ait
441 1269 562 1300 subito:

255 1316 327 1348 Non
351 1317 505 1357 perverti,

256 1363 320 1396 Sed
345 1364 488 1395 converti

208 1411 307 1443 Verbi
331 1411 394 1443 Dei
417 1411 542 1443 merito.

148 1507 179 1538 4.
206 1505 286 1538 Dirc
309 1506 406 1538 valde
430 1505 601 1546 instigatur

208 1553 253 1585 Et
277 1554 367 1586 vivus
394 1554 575 1589 excoriatur

257 1601 350 1634 Omni
376 1610 487 1633 carens
512 1601 589 1633 vitio

209 1648 285 1680 Tiro
302 1648 365 1681 Dei
388 1649 555 1691 gloriosus,

207 1696 337 1736 Martyr
362 1705 486 1736 quoque
510 1697 680 1737 pretiosus,

254 1744 344 1776 Caeli
370 1744 484 1784 dignus
510 1745 608 1784 soli03

135 1790 175 1824 V.
210 1790 390 1823 Gaudiosus
416 1791 532 1823 civium

254 1838 341 1871 Mira
365 1839 473 1878 palma

256 1886 310 1918 Ad
335 1887 461 1927 agalma

209 1934 432 1974 Transmigrat
456 1933 653 1967 caelestium.

296 2107 344 2139 In
368 2106 599 2140 Laudibus

315 2202 411 2238 Super
430 2202 575 2230 Psalmos.

135 2271 176 2304 A.
210 2271 261 2303 De
284 2271 364 2303 locis
391 2270 537 2303 diabolus

257 2318 352 2352 Cedit
376 2318 519 2361 orientis,

205 2367 312 2400 Adest
337 2367 412 2399 dum
436 2367 601 2406 apostolus

253 2415 417 2447 Virtutum
443 2415 632 2455 augmentis.

675 127 909 164 -54Γ

1013 222 1059 250 Ad
1078 221 1264 249 Benedictus.

820 281 862 316 A.
898 282 1102 323 Benedictus,
1129 279 1277 321 Domine,

943 330 1000 370 Es,
1026 328 1124 361 Indos
1149 326 1338 367 longinquos

894 378 933 410 In
958 380 1012 409 tuo
1039 376 1092 416 qui
1116 375 1244 408 nomine

941 424 1063 457 Fecisti
1087 422 1295 464 propinquos,

893 473 1051 512 Populum
1076 474 1140 503 tam
1165 470 1334 511 dyscolum

893 520 996 552 Tuum
1021 528 1080 559 per
1105 518 1285 559 apostolum

939 568 995 599 Ad
1019 567 1155 599 salutem
1179 565 1281 606 vehis,

895 614 990 647 Cuius
1015 614 1203 654 patrociniis

896 662 986 695 Caeli
1009 671 1066 694 nos
1093 661 1235 701 collegiis

939 709 1039 749 Iunge
1064 709 1222 741 iubilaeis.

1002 823 1082 855 Per
1107 823 1257 856 Horas.

1034 898 1081 925 Ad.
1098 898 1239 925 Primam.

818 956 860 988 A.
899 955 1042 988 Primum
1067 964 1200 996 regnum
1222 956 1345 996 gloriae

944 1003 1126 1036 Prudenter
1151 1003 1318 1044 quaesivit,

892 1049 1078 1083 Gaudenter
1102 1051 1164 1083 hoc
1184 1050 1282 1083 hodie

936 1098 1032 1130 Felix
1056 1099 1212 1131 introivit.

1029 1191 1076 1219 Ad
1094 1191 1234 1221 Tertiam.

817 1261 857 1293 A.
893 1259 1116 1292 Victimandus
1140 1260 1242 1291 tacuit

937 1307 996 1339 Vir
1020 1307 1146 1346 tropaei
1169 1309 1277 1348 magni

890 1355 936 1387 Et
960 1363 994 1387 os
1019 1363 1083 1386 non
1106 1355 1234 1394 aperuit

937 1402 1015 1434 Ritu
1039 1402 1125 1434 mitis
1151 1403 1235 1443 agni.

1033 1496 1079 1523 Ad
1100 1496 1229 1524 Sextam.

817 1564 858 1597 A.
893 1564 1045 1597 Privatus
1071 1564 1195 1596 exuviis

938 1612 1050 1652 Agnus
1070 1612 1140 1644 sine
1165 1611 1242 1644 felle

889 1660 1041 1692 Aeternis
1066 1668 1127 1699 pro
1152 1661 1305 1700 praemiis

937 1707 1059 1740 Pellem
1086 1707 1142 1739 dat
1166 1717 1226 1747 pro
1252 1708 1351 1750 pelle,

1036 1801 1082 1829 Ad
1102 1802 1228 1830 Nonam.

818 1868 859 1902 A.
895 1869 1073 1902 Maximum
1098 1871 1282 1911 congeritur

940 1916 1099 1949 Gaudium
1124 1917 1160 1949 in
1185 1918 1293 1959 caelis,

893 1964 973 1996 Cum
998 1973 1102 1996 comes
1128 1965 1268 1997 adicitur

938 2012 1011 2044 Illis
1036 2015 1101 2044 tam
1127 2011 1243 2046 fidelis.

962 2137 1009 2168 In
1036 2138 1067 2169 2.
1094 2137 1307 2177 VesperiS.

1036 2212 1235 2249 Antiphonae.

834 2271 866 2305 1.
897 2269 1021 2311 Gaude,
1046 2269 1164 2304 florens
1189 2273 1294 2314 India.

941 2319 1038 2352 Felix
1062 2328 1101 2351 ac
1124 2319 1232 2361 beata,

894 2366 992 2400 Tanti
1011 2376 1072 2407 per
1094 2367 1233 2409 insignia

946 2414 1057 2448 Sancti
1083 2416 1245 2451 decorata.
