1651 2700
192 203 222 236 7.

159 1258 224 1278 1105.

713 115 976 151 —189—

251 203 414 239 Christum
441 216 551 240 omnes
576 209 757 255 adoremus,

248 252 337 285 Ante
364 254 527 288 Christum
552 258 769 304 procidamus,

253 299 391 334 Cautum
423 313 540 336 novum
565 314 624 337 nos
650 311 814 340 cantemus

249 347 295 380 Et
320 359 381 389 pro
405 360 482 392 iege
504 355 679 396 teneamus,

251 395 326 429 Tibi
353 398 482 432 Christo
509 401 717 443 exsultemus,

247 443 289 476 Ei
316 446 377 478 soli
402 448 590 482 serviamus.

212 563 220 570 .
247 539 351 572 Natus
377 543 489 575 mundi
516 547 566 576 est
590 546 742 589 salvator,

246 587 306 627 Qui
332 589 443 622 lucens
469 600 580 625 servos
606 594 753 637 redimet,

245 636 323 676 Ipse
348 638 436 670 orbis
461 639 636 673 luminator

244 683 290 716 Et
309 685 476 719 inimicum
504 688 674 733 deprimet,

243 732 307 764 Hic
333 738 520 768 cunctorum
546 740 596 769 est
623 741 762 781 curator,

240 779 309 812 Nos
335 782 442 815 salvos
468 793 577 817 omnes
603 784 712 820 faciet.

206 900 213 907 .
239 876 302 908 Est
326 880 431 910 ortum
457 880 565 913 lumen
590 882 743 926 lucidum,

241 924 380 958 Nostros
406 928 515 960 oculos
541 928 719 974 illustrans,

238 972 306 1005 Dat
333 974 481 1008 Christus
513 980 608 1009 natus
634 976 802 1023 fulgidum,

239 1020 304 1053 Hic
328 1022 404 1054 lites
429 1027 557 1056 nostras
583 1026 770 1069 terminans,

237 1067 390 1102 Lucescit
414 1072 486 1111 ipse
510 1073 687 1114 turbidum,

238 1117 303 1149 Hic
327 1127 385 1150 nos
411 1119 606 1164 informans,
635 1130 800 1156 resanans.

891 214 945 248 10.
974 215 1029 248 Sol
1047 218 1135 248 ortus
1162 219 1211 249 est
1235 217 1388 262 iustitiae,

971 262 1151 303 Splendens
1182 265 1223 297 de
1249 266 1337 298 caelo
1363 266 1506 310 veniens,

969 311 1082 344 Totius
1108 315 1158 344 est
1182 314 1355 355 potentiae,

968 359 1152 400 Lucemque
1175 361 1274 394 vitam
1301 361 1479 403 conferens,

968 407 1033 438 Hic
1057 408 1152 440 radix
1179 413 1229 442 est
1254 410 1452 451 clementiae,

968 454 1036 487 Nos
1062 455 1102 487 ab
1127 455 1255 489 inferno
1281 458 1453 493 redimens,

931 574 937 581 .
965 549 1057 581 Haec
1082 554 1132 582 est
1155 551 1213 583 illa
1237 555 1350 585 sancta
1377 553 1456 593 dies,

964 597 1003 629 In
1035 606 1097 637 qua
1129 599 1227 631 corde
1252 609 1308 632 nos
1334 601 1501 644 laetemur,

962 644 1136 678 Exaltatur
1162 650 1273 679 nostra
1296 647 1389 690 fides,

963 693 1165 726 Salvatorem
1191 694 1391 738 confitemur,

960 740 1022 773 Est
1046 741 1138 774 illata
1163 743 1255 775 nobis
1281 745 1380 787 quies,

962 789 1125 822 Christum
1140 794 1287 823 sanctum
1298 801 1498 826 veneremur.

926 909 932 915 .
960 884 1064 917 Stella
1086 886 1151 918 iam
1177 887 1217 918 ab
1244 887 1368 920 oriente

959 933 1123 973 Apparuit
1149 935 1344 976 pastoribus,

959 980 1010 1013 Ea
1035 982 1132 1013 stella
1156 983 1365 1022 praelucente

959 1029 1028 1061 Iam
1054 1029 1156 1069 magis
1181 1030 1374 1073 oratoribus,

957 1075 1024 1108 Eos
1051 1080 1139 1108 certe
1165 1078 1364 1110 conducente

957 1124 1012 1155 Ad
1028 1123 1192 1156 Christum
1213 1134 1282 1157 cum
1297 1127 1495 1160 muneribus.

240 1209 266 1244 8,
289 1210 306 1240 5
326 1213 384 1241 His
413 1217 594 1243 cunctor-um
614 1231 652 1235 —-
673 1215 700 1250 9,
722 1215 741 1244 2
760 1217 943 1245 illuminans.
964 1233 1003 1237 —
1024 1216 1051 1252 9,
1071 1217 1091 1246 4
1111 1220 1168 1247 His
1189 1220 1266 1248 lites.
1289 1233 1326 1238 —
1347 1217 1373 1254 9,
1396 1218 1413 1247 6
1436 1221 1494 1249 His

244 1265 283 1268 —
307 1248 351 1285 10,
372 1251 390 1279 5
410 1252 468 1280 His
489 1253 582 1281 radix.
603 1269 642 1274 —
664 1237 707 1289 11²,
730 1253 747 1283 5
768 1255 809 1283 Et
828 1256 922 1283 illata.

463 1405 490 1437 6.
531 1406 669 1445 Hymnus
690 1406 776 1439 alius
797 1407 835 1439 (le
855 1407 1034 1440 Nativitate
1055 1407 1188 1441 Domini.

195 1530 202 1536 .
230 1503 394 1536 Mirabilis
420 1505 573 1538 nativitas

228 1550 395 1592 Factaque
423 1552 544 1585 Christi
569 1555 669 1595 natio,

228 1599 327 1639 Quem
354 1601 464 1640 paruit
489 1602 670 1645 virginitas,

227 1647 391 1688 Nullaque
417 1647 480 1681 fuit
504 1651 600 1692 actio,

227 1695 320 1728 Haec
344 1696 464 1729 obtulit
490 1698 653 1740 divinitas,

230 1743 331 1776 Nulla
355 1745 389 1777 in
416 1748 513 1786 partu
538 1747 657 1787 passio.

191 1865 198 1872 .
225 1839 289 1872 Est
312 1840 386 1881 ipsa
412 1842 511 1874 vitam
537 1852 694 1884 reparans

224 1888 410 1930 Lucemque
435 1891 542 1923 lumen
570 1892 715 1925 tribuens

223 1937 366 1979 Ipsaque
390 1942 518 1980 gentem
542 1940 726 1984 sublevans,

224 1985 309 2019 Erat
333 1987 377 2019 ad
403 1991 538 2020 mortem
566 1998 730 2032 corruens,

222 2035 363 2076 Ipsaque
388 2040 517 2077 gentem
542 2038 696 2079 liberans,

222 2083 325 2116 Nobis
352 2085 488 2117 salutem
515 2085 695 2127 proferens

186 2205 194 2213 .
220 2181 299 2221 Ipsa
324 2190 385 2214 nos
410 2183 548 2215 mundat
571 2183 671 2224 vitiis,

220 2228 323 2262 Nobis
350 2230 488 2263 virtutes
513 2231 637 2277 tribuit,

218 2278 297 2317 Ipsa
321 2279 483 2311 succurrit
509 2281 613 2313 deviis

219 2325 351 2367 Nosque
375 2330 558 2368 prostratos
584 2329 690 2372 erigit,

219 2375 298 2415 Ipsa
323 2384 381 2408 nos
410 2376 493 2409 ditat
516 2378 681 2421 praemiis,

215 2423 371 2457 Aemulos
396 2428 525 2458 nostros
553 2426 718 2467 deprimit.

865 1510 898 1541 4.
927 1509 1007 1542 Fert
1030 1509 1103 1549 ipsa
1127 1510 1221 1542 nobis
1246 1511 1408 1555 gaudium,

928 1556 996 1589 Nos
1023 1557 1157 1590 roborat
1178 1558 1313 1600 laetitia,

922 1604 990 1637 Dat
1014 1605 1086 1645 ipsa
1113 1615 1234 1645 cenam,
1261 1608 1444 1651 prandium,

925 1653 992 1685 Nos
1018 1657 1137 1695 purgat
1162 1664 1181 1686 a
1205 1656 1339 1699 malitia,

924 1702 1002 1741 Ipsa
1027 1702 1070 1733 sit
1094 1702 1192 1742 plena
1216 1703 1371 1745 laudium,

923 1749 962 1782 In
988 1758 1026 1782 ea
1052 1753 1100 1781 est
1125 1751 1296 1786 munditia.

889 1870 896 1878 .
924 1845 1029 1878 Simus
1056 1849 1222 1880 cantantes
1248 1849 1362 1889 vigiles

921 1893 989 1926 Nos
1014 1894 1047 1927 in
1072 1895 1146 1935 ipsa
1173 1896 1341 1938 dignitate,

921 1942 990 1975 Sibi
1017 1947 1180 1976 cantemus
1206 1946 1381 1986 supplices,

920 1990 1047 2024 Stemus
1073 1992 1105 2025 in
1131 1993 1359 2038 sollemnitate,

920 2039 988 2072 Sibi
1013 2039 1182 2073 flectamur
1206 2042 1355 2085 humiles,

919 2088 1006 2120 Miro
1032 2090 1066 2121 in
1091 2089 1302 2124 humanitate.

884 2210 891 2217 .
919 2184 1013 2217 Sonis
1040 2188 1205 2218 cantemus
1231 2186 1365 2229 cithara,

921 2233 1096 2274 Omnisque
1121 2234 1234 2267 vivens
1260 2235 1383 2277 vigilet,

920 2281 1019 2321 Quem
1046 2285 1145 2324 terra,
1171 2282 1320 2322 mundus,
1348 2283 1481 2316 aethera

916 2329 1066 2371 Cantent,
1092 2330 1126 2362 in
1152 2330 1226 2371 ipsa
1249 2331 1388 2364 iubilent

919 2377 1052 2419 Sibique
1075 2378 1218 2411 reddant
1241 2389 1384 2425 munera,

917 2426 987 2460 Deo
1012 2427 1137 2460 servire
1160 2431 1347 2469 properent.
