1651 2700
658 141 920 178 —111—

568 252 607 283 13.
647 253 682 284 In
706 253 910 296 conceptione
929 256 1019 288 BMVz

145 318 174 351 1.
200 321 282 363 Ave,
310 321 412 363 virgo,
438 323 527 364 regia

245 368 297 400 De
322 370 426 412 stirpe
452 374 617 413 concepta,

199 415 302 449 Plura
326 427 359 450 es
383 420 557 459 praeconia

247 465 332 498 Prae
359 468 482 500 cunctis
507 468 638 510 adepta,

199 511 277 552 Fac,
304 517 340 545 ut
364 515 426 547 Dei
452 516 560 548 omnia

246 561 408 603 Expleam
433 569 609 605 praecepta

200 608 242 640 Et
267 610 332 650 ipsi
358 611 512 652 obsequia

247 658 323 690 Mea
347 659 413 691 sint
436 664 581 701 accepta.

137 724 168 758 2.
195 725 276 769 Ave,
306 727 375 758 sine
401 727 479 760 vitio

245 774 271 806 Ο
299 775 389 815 virgo
414 775 520 818 beata,

198 821 280 853 Nam
306 826 362 855 tua
389 825 557 865 conceptio

247 870 402 903 Omnibus
431 875 480 904 est
504 876 606 913 grata.

198 917 272 961 Ora,
299 922 336 950 ut
361 921 530 960 temptatio

248 965 362 999 Carnis
387 968 420 1000 in
446 977 497 999 me
523 972 601 1002 nata

198 1013 268 1046 Tuo
292 1015 473 1054 patrocinio

246 1061 398 1100 Quiescat
422 1063 545 1097 sedata.

836 328 869 360 3.
895 328 977 370 Ave,
1005 329 1080 361 Sion
1106 328 1183 368 filia,

944 376 969 409 Ο
995 386 1120 417 gemma
1143 377 1288 421 pudoris,

894 423 940 456 Es
967 428 1131 466 concepta,
1159 426 1276 466 gaudia

941 472 988 505 Ut.
1012 473 1122 513 gignas
1148 473 1289 514 honoris,

893 520 1057 562 Elongans
1082 519 1206 561 flagitia¹

941 568 1023 600 Vilis
1049 578 1069 600 a
1091 577 1143 600 me
1167 569 1265 601 moris

895 615 1015 648 Confer
1040 617 1195 649 exercitia

940 664 1035 697 Vitae
1060 665 1241 697 sanct-ioris.

832 733 864 765 4.
893 733 972 775 Ave,
999 731 1117 765 florens
1142 732 1256 774 lilium,

939 781 1027 813 Rosa
1051 781 1121 812 sine
1147 781 1251 823 spina,

894 828 1056 869 Concepta
1082 837 1126 867 eS,
1153 829 1291 861 omnium

941 877 987 911 Ut
1012 877 1056 909 sis
1081 877 1251 919 medicina,

891 924 976 956 Mihi
996 925 1029 956 in
1053 925 1218 966 auxilium,

941 973 966 1005 O
995 973 1107 1015 dulcis,
1136 972 1264 1014 festina,

891 1019 997 1052 Aufer
1023 1021 1138 1060 culpae
1161 1020 1272 1052 lolium

940 1067 1029 1099 Dans
1055 1068 1211 1100 virtutum
1236 1067 1321 1101 vina.

472 1132 503 1163 5.
530 1132 612 1171 Ave,
639 1142 720 1173 quae
747 1133 924 1174 conciperis

192 1531 218 1558 A
234 1531 283 1559 fol.
306 1529 324 1558 2
335 1540 361 1560 a.

575 1180 699 1212 Mundo
725 1181 768 1213 ad
792 1182 945 1222 solamen,

527 1226 660 1259 Nullum
687 1228 761 1268 quia
785 1229 945 1269 praeteris

574 1275 756 1308 Habentem
782 1285 964 1318 gravamen,

528 1324 728 1364 Gonregnem
754 1328 790 1356 ut
814 1325 951 1367 superis,

575 1372 658 1404 Mihi
685 1373 727 1404 da
751 1373 902 1405 iuvamen

527 1419 572 1451 Et
597 1420 678 1461 Deo,
705 1430 766 1461 quo
792 1419 922 1461 frueris,

575 1468 695 1500 Tecum
721 1467 821 1503 fruar.
871 1470 986 1501 Amen.

574 1627 616 1659 14.
657 1629 690 1660 ln
710 1629 887 1661 Nativitate
907 1629 996 1661 Bm.

129 1705 162 1738 1.
189 1707 271 1745 Ave,
300 1706 376 1739 Sion
402 1707 480 1750 filia,

236 1754 301 1787 Diu
328 1760 491 1797 exoptata,

189 1803 428 1843 Prophetarum
453 1806 587 1845 praevia

238 1852 326 1884 Voce
351 1853 509 1894 nuntiata,

186 1899 272 1932 Mihi
300 1900 342 1933 da
367 1901 515 1935 subsidia

235 1949 396 1983 Vincendi
422 1954 567 1994 peccata,

187 1996 315 2030 Cuncta
341 1999 461 2031 cedant
484 1999 564 2032 vitia

233 2045 378 2087 Longius
404 2046 525 2089 fugata.

123 2113 156 2146 2.
183 2114 265 2157 Ave,
293 2124 375 2155 quae
399 2117 608 2157 progrederis

231 2163 374 2204 Fulgens
399 2167 436 2196 ut
460 2174 589 2207 aurora,

182 2210 257 2243 Toti
281 2212 403 2244 mundo
428 2214 572 2245 nasceris

230 2260 327 2293 Clara
353 2263 385 2292 et
411 2261 540 2304 decora,

185 2307 268 2340 Dele
292 2309 354 2341 mei
381 2310 535 2350 pauperis

231 2357 352 2397 Culpas
377 2358 500 2399 absque
529 2368 628 2402 mora,

183 2404 230 2438 Ut
256 2406 431 2447 coniungar
457 2407 594 2448 superis,

231 2453 297 2487 Pro
322 2463 374 2486 me
398 2456 537 2496 supplex
560 2465 628 2488 ora.

827 1713 857 1745 3.
885 1711 968 1751 Ave,
994 1714 1071 1743 nata
1096 1711 1223 1742 saeculo

934 1761 1020 1800 Quae
1046 1768 1079 1791 es
1105 1759 1148 1791 ad
1173 1759 1320 1800 salutem,

884 1808 1047 1840 Praebens
1073 1807 1158 1839 omni
1183 1807 1303 1847 populo

934 1856 1023 1887 Viam
1051 1856 1093 1888 ad
1118 1856 1282 1895 virtutem,

882 1904 944 1945 Da,
972 1914 1012 1936 ne
1038 1905 1154 1945 culpae
1180 1903 1298 1944 pabulo

930 1953 986 1985 Me
1011 1962 1031 1985 a
1055 1953 1125 1985 Deo
1150 1955 1281 1992 mutem,

883 2000 947 2033 Sed
975 2010 1045 2034 cum
1071 2010 1128 2033 suo
1153 2001 1269 2041 poculo

932 2049 1086 2083 Satanam
1113 2048 1288 2082 confutem.

825 2121 858 2153 4.
884 2119 966 2161 Ave,
994 2118 1083 2159 virgo
1110 2117 1200 2157 regia

927 2166 978 2199 De
1002 2166 1088 2198 tribu
1116 2167 1238 2204 exorta,

879 2216 967 2255 Quae
990 2223 1023 2246 es
1048 2215 1136 2247 vitae
1160 2212 1273 2245 nuntia

928 2263 974 2295 Et
998 2263 1112 2294 salutis
1137 2263 1242 2304 porta,

882 2311 933 2343 Ne
957 2319 1018 2351 per
1043 2309 1132 2342 facta
1156 2309 1269 2350 spuria

931 2358 1060 2399 vincar,
1087 2367 1139 2390 me
1163 2360 1331 2400 supporta,

882 2408 1021 2447 Propter
1045 2407 1195 2439 natalitia

928 2455 997 2487 Tua
1022 2464 1073 2487 me
1098 2454 1256 2488 conforta.
