1651 2700
370 247 417 275 Ad
437 249 563 277 Nonam.

185 330 192 338 .
219 304 361 347 Martha,
388 305 506 339 florens
532 308 636 341 lilium

270 354 523 397 Hospitalitatis,

221 402 283 435 Dei
310 403 405 443 placa
430 403 530 436 filium

270 450 401 484 Nostris
426 462 485 492 pro
512 453 668 493 peccatis.

286 576 332 608 In
361 578 392 610 2.
420 577 650 618 Vesperis.

365 652 567 689 Antiphonae.

185 731 193 740 .
220 710 339 743 Annua
361 712 530 745 sollemnia

270 758 422 791 Marthae
442 761 622 793 recolentes

221 807 380 847 Aptemus
405 808 447 840 ad
473 809 591 849 gaudia

268 854 353 887 Diva
378 859 506 888 nostras
531 860 666 891 mentes,

191 963 198 971 .
228 940 389 973 Virtutum
415 942 586 975 monilibus

273 990 342 1021 Ista
365 993 546 1031 purpurata

221 1036 341 1069 Unitur
364 1038 555 1070 caelestibus

269 1084 339 1116 Deo
365 1094 493 1125 semper
516 1089 620 1125 grata.

790 155 845 191 79s
888 177 932 181 —

859 255 890 287 3.
917 254 1084 286 Inventam
1112 264 1169 287 rex
1195 255 1317 296 gloriae

965 303 1035 335 Ista
1059 303 1267 343 margaritam

919 349 1092 383 Coronavit
1118 351 1215 383 hodie

967 399 1109 439 Longius
1132 400 1320 439 quaesitam.

858 495 890 528 4.
918 494 949 526 A
973 494 1105 526 Martha
1132 496 1316 535 congeritur

968 543 1046 575 Cum
1073 543 1227 575 vir‘utum
1253 543 1393 584 schema,

919 590 988 630 Ipsi
1013 591 1243 631 superponitur

967 635 1162 682 [Splendens
1190 636 1366 684 diadema]¹

1042 733 1088 761 Ad
1107 730 1288 770 Mag-nificat.

845 802 886 835 A.
920 802 959 834 In
984 802 1053 834 Deo
1079 803 1267 835 medullitus

918 849 1071 882 Exsultat
1095 851 1161 882 iam
1186 852 1320 891 spiritus

966 898 1118 930 Marthae
1142 907 1327 940 generosae,

964 946 1054 978 Mole
1078 947 1218 986 gratiose

917 992 1046 1025 Solutus
1073 1002 1228 1033 corporea

916 1041 1040 1081 Migrat
1064 1041 1107 1073 ad
1131 1042 1283 1074 aetherea

965 1088 1076 1129 Regna
1100 1089 1264 1128 gaudiose.

226 1160 251 1187 B
273 1159 323 1187 fol.
347 1158 427 1187 170a
447 1169 491 1195 sq.
514 1175 548 1179 —
570 1161 612 1188 In
636 1159 663 1188 2.
684 1162 789 1198 Vesp.
810 1162 838 1191 A
857 1161 886 1197 4,
907 1161 927 1190 4
946 1163 1020 1191 fehlt
1040 1164 1106 1191 eine
1128 1164 1218 1192 Zeile.

582 1254 624 1286 13.
653 1254 698 1286 De
718 1256 831 1287 saneta
849 1255 1042 1288 Petronella.

285 1324 330 1356 In
356 1325 386 1358 1.
416 1325 442 1356 V
457 1334 528 1366 esp
544 1326 642 1360 eris,

334 1400 431 1436 Super
450 1401 596 1429 Psalmos.

178 1481 185 1489 .
219 1458 244 1491 O
269 1462 373 1492 mater
398 1460 545 1503 ecelesia,

269 1506 382 1540 Gaude
409 1511 441 1539 et
464 1508 598 1550 laetare,

218 1555 299 1595 Quia
324 1556 474 1588 natalitia

267 1604 472 1637 Petronellae
502 1605 610 1636 clarae

220 1651 307 1684 Colit
334 1660 404 1683 eum
430 1653 556 1685 laetitia

269 1699 411 1741 Caelum,
439 1704 537 1744 terra,
566 1710 664 1734 mare.

339 1776 386 1803 Ad
405 1775 588 1812 Mag-nificat.

179 1858 186 1866 .
217 1834 255 1867 In
281 1834 353 1866 sinu
379 1835 536 1867 ecclesiae

216 1882 304 1915 Nata
330 1883 433 1915 dulcis
460 1884 560 1915 hodie

267 1931 366 1972 Virgo
392 1932 587 1975 Petronella,

215 1978 308 2012 Assit
332 1980 436 2024 nobis,
464 1980 575 2013 vivida

219 2028 321 2061 Prece
347 2029 458 2061 delens
483 2029 587 2062 livida

264 2077 385 2110 Mentis
411 2080 544 2110 nostrae
569 2076 657 2113 fella.

280 2184 343 2216 Ad
367 2183 638 2219 Matutinum.

351 2260 573 2288 Invitatorium.

214 2320 398 2352 Adoremus
424 2319 609 2361 Dominum,

259 2368 378 2400 Mundi
404 2368 616 2411 conditorem,

215 2415 390 2458 Christum,
416 2425 571 2456 sponsum
596 2416 767 2457 virginum,

265 2464 420 2497 Nostrum
445 2465 697 2505 redemptorem.

979 1358 1026 1389 In
1054 1358 1085 1390 1,
1113 1356 1344 1389 Nocturno.

1060 1442 1261 1479 Antiphonae.

856 1510 888 1543 1.
916 1510 1031 1543 Omnia
1054 1510 1113 1542 sub
1139 1510 1278 1550 pedibus

963 1559 1168 1591 Petronellae
1192 1558 1296 1598 ponis,

914 1606 1017 1649 Hane,
1045 1607 1129 1650 Iesu,
1158 1606 1350 1638 caelestibus

963 1655 1132 1688 Collocans
1157 1655 1190 1686 in
1216 1655 1353 1688 thronis.

853 1751 885 1783 2.
912 1751 1006 1783 Iussa
1028 1750 1090 1782 Del
1113 1751 1223 1784 lueida

961 1799 1054 1832 Omni
1078 1799 1148 1832 sine
1172 1799 1270 1832 sorde

910 1848 1097 1880 Petronella
1121 1846 1239 1880 florida

960 1895 1060 1928 Laeto
1090 1896 1231 1937 complet
1257 1897 1364 1931 corde.

853 1992 886 2025 3.
912 1993 1029 2025 Portas
1055 1995 1181 2025 vestras
1208 1993 1324 2034 tollite,

960 2041 1130 2081 Principes
1158 2042 1331 2085 caelorum,

914 2089 1078 2131 Virginem
1104 2089 1188 2122 hanc
1212 2090 1335 2130 iungite

962 2137 1077 2170 Choris
1104 2138 1303 2179 angelorum.

1052 2224 1235 2259 Responsori
1240 2232 1266 2251 a.

854 2292 887 2326 1.
914 2291 962 2323 Te
987 2292 1136 2324 caelestis
1161 2292 1332 2336 ierarchia,

960 2340 1156 2380 Petronella‚
1182 2340 1273 2381 virgo
1299 2339 1415 2382 fausta,

912 2387 1009 2420 Dulci
1037 2388 1174 2420 laudans
1201 2389 1341 2421 melodia

961 2436 1031 2468 Tua
1054 2437 1174 2476 probat
1195 2437 1405 2482 holocausta3
