<?xml version="1.0" encoding="UTF-8"?>
<!DOCTYPE html PUBLIC "-//W3C//DTD XHTML 1.0 Transitional//EN"
    "http://www.w3.org/TR/xhtml1/DTD/xhtml1-transitional.dtd">
<html xmlns="http://www.w3.org/1999/xhtml" xml:lang="en" lang="en">
 <head>
  <title>
</title>
<meta http-equiv="Content-Type" content="text/html;charset=utf-8" />
  <meta name='ocr-system' content='tesseract 3.04.00' />
  <meta name='ocr-capabilities' content='ocr_page ocr_carea ocr_par ocr_line ocrx_word'/>
</head>
<body>
  <div class='ocr_page' id='page_1' title='image "./analectahymnica41drevuoft_00268.png"; bbox 0 0 1651 2700; ppageno 0'>
   <div class='ocr_carea' id='block_1_1' title="bbox 721 142 988 178">
    <p class='ocr_par' dir='ltr' id='par_1_1' title="bbox 721 142 988 178">
     <span class='ocr_line' id='line_1_1' title="bbox 721 142 988 178; baseline 0.004 -1"><span class='ocrx_word' id='word_1_1' title='bbox 721 142 988 178; x_wconf 82' lang='lat'>—265—</span> 
     </span>
    </p>
   </div>
   <div class='ocr_carea' id='block_1_2' title="bbox 201 234 753 282">
    <p class='ocr_par' dir='ltr' id='par_1_2' title="bbox 201 234 753 282">
     <span class='ocr_line' id='line_1_2' title="bbox 201 234 753 282; baseline 0.007 -16"><span class='ocrx_word' id='word_1_2' title='bbox 201 234 232 266; x_wconf 82' lang='lat'>7.</span> <span class='ocrx_word' id='word_1_3' title='bbox 259 236 310 269; x_wconf 88' lang='lat' dir='ltr'>Tu</span> <span class='ocrx_word' id='word_1_4' title='bbox 337 239 466 269; x_wconf 83' lang='lat' dir='ltr'>creator</span> <span class='ocrx_word' id='word_1_5' title='bbox 493 245 527 270; x_wconf 81' lang='lat' dir='ltr'>es</span> <span class='ocrx_word' id='word_1_6' title='bbox 555 240 753 282; x_wconf 86' lang='lat' dir='ltr'>cunctorum,</span> 
     </span>
    </p>
   </div>
   <div class='ocr_carea' id='block_1_3' title="bbox 258 282 731 517">
    <p class='ocr_par' dir='ltr' id='par_1_3' title="bbox 258 282 731 517">
     <span class='ocr_line' id='line_1_3' title="bbox 260 282 731 329; baseline 0.006 -14"><span class='ocrx_word' id='word_1_7' title='bbox 260 282 310 315; x_wconf 85' lang='lat' dir='ltr'>Tu</span> <span class='ocrx_word' id='word_1_8' title='bbox 335 282 407 316; x_wconf 91' lang='lat' dir='ltr'>fons</span> <span class='ocrx_word' id='word_1_9' title='bbox 434 285 550 326; x_wconf 87' lang='lat' dir='ltr'>plenus</span> <span class='ocrx_word' id='word_1_10' title='bbox 576 286 731 329; x_wconf 82' lang='lat' dir='ltr'>caritatis,</span> 
     </span>
     <span class='ocr_line' id='line_1_4' title="bbox 259 331 714 373; baseline 0.007 -10"><span class='ocrx_word' id='word_1_11' title='bbox 259 331 309 363; x_wconf 91' lang='lat' dir='ltr'>Tu</span> <span class='ocrx_word' id='word_1_12' title='bbox 333 332 475 365; x_wconf 85' lang='lat' dir='ltr'>nutritor</span> <span class='ocrx_word' id='word_1_13' title='bbox 500 341 534 365; x_wconf 81' lang='lat' dir='ltr'>es</span> <span class='ocrx_word' id='word_1_14' title='bbox 559 333 714 373; x_wconf 83' lang='lat' dir='ltr'>vivorum,</span> 
     </span>
     <span class='ocr_line' id='line_1_5' title="bbox 259 379 711 425; baseline 0.007 -14"><span class='ocrx_word' id='word_1_15' title='bbox 259 379 310 411; x_wconf 85' lang='lat' dir='ltr'>Tu</span> <span class='ocrx_word' id='word_1_16' title='bbox 335 389 369 412; x_wconf 89' lang='lat' dir='ltr'>es</span> <span class='ocrx_word' id='word_1_17' title='bbox 396 380 513 413; x_wconf 88' lang='lat' dir='ltr'>donum</span> <span class='ocrx_word' id='word_1_18' title='bbox 538 381 711 425; x_wconf 81' lang='lat' dir='ltr'>largitatis,</span> 
     </span>
     <span class='ocr_line' id='line_1_6' title="bbox 258 427 712 473; baseline 0.004 -14"><span class='ocrx_word' id='word_1_19' title='bbox 258 427 309 459; x_wconf 85' lang='lat' dir='ltr'>Tu</span> <span class='ocrx_word' id='word_1_20' title='bbox 333 428 478 461; x_wconf 85' lang='lat' dir='ltr'>salvator</span> <span class='ocrx_word' id='word_1_21' title='bbox 501 431 712 473; x_wconf 89' lang='lat' dir='ltr'>mortuorum,</span> 
     </span>
     <span class='ocr_line' id='line_1_7' title="bbox 258 475 668 517; baseline 0.007 -10"><span class='ocrx_word' id='word_1_22' title='bbox 258 475 309 508; x_wconf 87' lang='lat' dir='ltr'>Tu</span> <span class='ocrx_word' id='word_1_23' title='bbox 334 476 472 517; x_wconf 86' lang='lat' dir='ltr'>largitor</span> <span class='ocrx_word' id='word_1_24' title='bbox 497 477 668 511; x_wconf 76' lang='lat' dir='ltr'>claritatis,</span> 
     </span>
    </p>
   </div>
   <div class='ocr_carea' id='block_1_4' title="bbox 221 580 768 866">
    <p class='ocr_par' dir='ltr' id='par_1_4' title="bbox 221 580 768 866">
     <span class='ocr_line' id='line_1_8' title="bbox 221 580 747 623; baseline 0.004 -10"><span class='ocrx_word' id='word_1_25' title='bbox 221 605 230 613; x_wconf 91' lang='lat'><em>.</em></span> <span class='ocrx_word' id='word_1_26' title='bbox 256 581 306 613; x_wconf 89' lang='lat' dir='ltr'>Tu</span> <span class='ocrx_word' id='word_1_27' title='bbox 332 580 535 615; x_wconf 82' lang='lat' dir='ltr'>confortator</span> <span class='ocrx_word' id='word_1_28' title='bbox 558 592 747 623; x_wconf 86' lang='lat' dir='ltr'>pauperum,</span> 
     </span>
     <span class='ocr_line' id='line_1_9' title="bbox 257 629 723 673; baseline 0.006 -12"><span class='ocrx_word' id='word_1_29' title='bbox 257 629 307 662; x_wconf 88' lang='lat' dir='ltr'>Tu</span> <span class='ocrx_word' id='word_1_30' title='bbox 331 630 549 671; x_wconf 84' lang='lat' dir='ltr'>reprehensor</span> <span class='ocrx_word' id='word_1_31' title='bbox 576 630 723 673; x_wconf 85' lang='lat' dir='ltr'>divitum,</span> 
     </span>
     <span class='ocr_line' id='line_1_10' title="bbox 257 678 712 719; baseline 0.004 -10"><span class='ocrx_word' id='word_1_32' title='bbox 257 678 307 710; x_wconf 86' lang='lat' dir='ltr'>Tu</span> <span class='ocrx_word' id='word_1_33' title='bbox 332 678 512 711; x_wconf 84' lang='lat' dir='ltr'>retributor</span> <span class='ocrx_word' id='word_1_34' title='bbox 535 688 712 719; x_wconf 85' lang='lat' dir='ltr'>munerum,</span> 
     </span>
     <span class='ocr_line' id='line_1_11' title="bbox 257 725 768 769; baseline 0.006 -12"><span class='ocrx_word' id='word_1_35' title='bbox 257 725 307 758; x_wconf 90' lang='lat' dir='ltr'>Tu</span> <span class='ocrx_word' id='word_1_36' title='bbox 332 726 426 758; x_wconf 90' lang='lat' dir='ltr'>miles</span> <span class='ocrx_word' id='word_1_37' title='bbox 452 735 594 759; x_wconf 90' lang='lat' dir='ltr'>summus</span> <span class='ocrx_word' id='word_1_38' title='bbox 619 728 768 769; x_wconf 89' lang='lat' dir='ltr'>militum,</span> 
     </span>
     <span class='ocr_line' id='line_1_12' title="bbox 256 774 723 817; baseline -0.002 -9"><span class='ocrx_word' id='word_1_39' title='bbox 256 774 306 808; x_wconf 71' lang='grc' dir='ltr'>,ΤΠ</span> <span class='ocrx_word' id='word_1_40' title='bbox 333 783 366 806; x_wconf 87' lang='lat' dir='ltr'>es</span> <span class='ocrx_word' id='word_1_41' title='bbox 392 777 522 807; x_wconf 83' lang='lat' dir='ltr'>sanator</span> <span class='ocrx_word' id='word_1_42' title='bbox 544 776 723 817; x_wconf 88' lang='lat' dir='ltr'>vulnerum,</span> 
     </span>
     <span class='ocr_line' id='line_1_13' title="bbox 257 822 720 866; baseline 0.004 -12"><span class='ocrx_word' id='word_1_43' title='bbox 257 822 307 854; x_wconf 93' lang='lat' dir='ltr'>Tu</span> <span class='ocrx_word' id='word_1_44' title='bbox 335 822 446 866; x_wconf 88' lang='lat' dir='ltr'>donas,</span> <span class='ocrx_word' id='word_1_45' title='bbox 470 823 558 856; x_wconf 87' lang='lat' dir='ltr'>tollis</span> <span class='ocrx_word' id='word_1_46' title='bbox 584 823 720 857; x_wconf 87' lang='lat' dir='ltr'>obitum.</span> 
     </span>
    </p>
   </div>
   <div class='ocr_carea' id='block_1_5' title="bbox 922 241 1429 282">
    <p class='ocr_par' dir='ltr' id='par_1_5' title="bbox 922 241 1429 282">
     <span class='ocr_line' id='line_1_14' title="bbox 922 241 1429 282; baseline 0 -8"><span class='ocrx_word' id='word_1_47' title='bbox 922 241 954 274; x_wconf 88' lang='lat'>9.</span> <span class='ocrx_word' id='word_1_48' title='bbox 982 241 1134 282; x_wconf 87' lang='lat' dir='ltr'>Caelique</span> <span class='ocrx_word' id='word_1_49' title='bbox 1158 246 1266 275; x_wconf 73' lang='lat' dir='ltr'>terrae</span> <span class='ocrx_word' id='word_1_50' title='bbox 1290 242 1429 275; x_wconf 82' lang='lat' dir='ltr'>iubilent.</span> 
     </span>
    </p>
   </div>
   <div class='ocr_carea' id='block_1_6' title="bbox 899 586 953 618">
    <p class='ocr_par' dir='ltr' id='par_1_6' title="bbox 899 586 953 618">
     <span class='ocr_line' id='line_1_15' title="bbox 899 586 953 618; baseline 0 0"><span class='ocrx_word' id='word_1_51' title='bbox 899 586 953 618; x_wconf 90' lang='lat'>10.</span> 
     </span>
    </p>
   </div>
   <div class='ocr_carea' id='block_1_7' title="bbox 981 288 1416 518">
    <p class='ocr_par' dir='ltr' id='par_1_7' title="bbox 981 288 1416 518">
     <span class='ocr_line' id='line_1_16' title="bbox 981 288 1416 332; baseline 0 -11"><span class='ocrx_word' id='word_1_52' title='bbox 981 288 1120 330; x_wconf 88' lang='lat' dir='ltr'>Tibique</span> <span class='ocrx_word' id='word_1_53' title='bbox 1145 292 1257 323; x_wconf 85' lang='lat' dir='ltr'>cantus</span> <span class='ocrx_word' id='word_1_54' title='bbox 1284 290 1416 332; x_wconf 85' lang='lat' dir='ltr'>faciant,</span> 
     </span>
     <span class='ocr_line' id='line_1_17' title="bbox 981 336 1408 381; baseline 0.005 -13"><span class='ocrx_word' id='word_1_55' title='bbox 981 336 1057 369; x_wconf 88' lang='lat' dir='ltr'>Tibi</span> <span class='ocrx_word' id='word_1_56' title='bbox 1081 338 1204 371; x_wconf 85' lang='lat' dir='ltr'>servire</span> <span class='ocrx_word' id='word_1_57' title='bbox 1228 341 1408 381; x_wconf 84' lang='lat' dir='ltr'>properent</span> 
     </span>
     <span class='ocr_line' id='line_1_18' title="bbox 981 384 1387 428; baseline 0.005 -12"><span class='ocrx_word' id='word_1_58' title='bbox 981 384 1119 426; x_wconf 87' lang='lat' dir='ltr'>Tibique</span> <span class='ocrx_word' id='word_1_59' title='bbox 1143 386 1213 419; x_wconf 92' lang='lat' dir='ltr'>Deo</span> <span class='ocrx_word' id='word_1_60' title='bbox 1237 389 1387 428; x_wconf 85' lang='lat' dir='ltr'>pareant,</span> 
     </span>
     <span class='ocr_line' id='line_1_19' title="bbox 981 433 1382 476; baseline 0.005 -11"><span class='ocrx_word' id='word_1_61' title='bbox 981 433 1056 465; x_wconf 89' lang='lat' dir='ltr'>Tibi</span> <span class='ocrx_word' id='word_1_62' title='bbox 1080 433 1212 466; x_wconf 85' lang='lat' dir='ltr'>subesse</span> <span class='ocrx_word' id='word_1_63' title='bbox 1237 435 1382 476; x_wconf 83' lang='lat' dir='ltr'>vigilent,</span> 
     </span>
     <span class='ocr_line' id='line_1_20' title="bbox 983 481 1397 518; baseline 0.01 -6"><span class='ocrx_word' id='word_1_64' title='bbox 983 481 1031 513; x_wconf 85' lang='lat' dir='ltr'>Te</span> <span class='ocrx_word' id='word_1_65' title='bbox 1055 481 1089 513; x_wconf 89' lang='lat' dir='ltr'>in</span> <span class='ocrx_word' id='word_1_66' title='bbox 1114 491 1224 514; x_wconf 88' lang='lat' dir='ltr'>amore</span> <span class='ocrx_word' id='word_1_67' title='bbox 1250 483 1397 518; x_wconf 77' lang='lat' dir='ltr'>timeant.</span> 
     </span>
    </p>
   </div>
   <div class='ocr_carea' id='block_1_8' title="bbox 977 585 1474 860">
    <p class='ocr_par' dir='ltr' id='par_1_8' title="bbox 980 585 1354 628">
     <span class='ocr_line' id='line_1_21' title="bbox 980 585 1354 628; baseline 0.003 -10"><span class='ocrx_word' id='word_1_68' title='bbox 980 585 1051 626; x_wconf 86' lang='lat' dir='ltr'>Ego</span> <span class='ocrx_word' id='word_1_69' title='bbox 1076 590 1132 618; x_wconf 87' lang='lat' dir='ltr'>tua</span> <span class='ocrx_word' id='word_1_70' title='bbox 1156 596 1226 618; x_wconf 90' lang='lat' dir='ltr'>sum</span> <span class='ocrx_word' id='word_1_71' title='bbox 1249 588 1354 628; x_wconf 84' lang='lat' dir='ltr'>imago</span> 
     </span>
    </p>

    <p class='ocr_par' dir='ltr' id='par_1_9' title="bbox 979 633 1373 676">
     <span class='ocr_line' id='line_1_22' title="bbox 979 633 1373 676; baseline 0.005 -11"><span class='ocrx_word' id='word_1_72' title='bbox 979 633 1023 665; x_wconf 89' lang='lat' dir='ltr'>Et</span> <span class='ocrx_word' id='word_1_73' title='bbox 1049 635 1105 666; x_wconf 80' lang='lat' dir='ltr'>tua.</span> <span class='ocrx_word' id='word_1_74' title='bbox 1129 635 1373 676; x_wconf 79' lang='lat' dir='ltr'>superscriptio,</span> 
     </span>
    </p>

    <p class='ocr_par' dir='ltr' id='par_1_10' title="bbox 977 681 1474 820">
     <span class='ocr_line' id='line_1_23' title="bbox 981 681 1474 726; baseline 0.004 -13"><span class='ocrx_word' id='word_1_75' title='bbox 981 681 1030 713; x_wconf 83' lang='lat' dir='ltr'>Sit</span> <span class='ocrx_word' id='word_1_76' title='bbox 1053 681 1087 713; x_wconf 89' lang='lat' dir='ltr'>in</span> <span class='ocrx_word' id='word_1_77' title='bbox 1111 682 1193 725; x_wconf 90' lang='lat' dir='ltr'>Deo,</span> <span class='ocrx_word' id='word_1_78' title='bbox 1221 683 1378 723; x_wconf 87' lang='lat' dir='ltr'>quidquid</span> <span class='ocrx_word' id='word_1_79' title='bbox 1404 692 1474 726; x_wconf 87' lang='lat' dir='ltr'>ago,</span> 
     </span>
     <span class='ocr_line' id='line_1_24' title="bbox 978 729 1455 773; baseline 0.002 -11"><span class='ocrx_word' id='word_1_80' title='bbox 978 729 1051 762; x_wconf 86' lang='lat' dir='ltr'>Non</span> <span class='ocrx_word' id='word_1_81' title='bbox 1077 732 1126 762; x_wconf 88' lang='lat' dir='ltr'>est</span> <span class='ocrx_word' id='word_1_82' title='bbox 1150 730 1185 762; x_wconf 89' lang='lat' dir='ltr'>in</span> <span class='ocrx_word' id='word_1_83' title='bbox 1209 740 1260 762; x_wconf 89' lang='lat' dir='ltr'>me</span> <span class='ocrx_word' id='word_1_84' title='bbox 1286 730 1455 773; x_wconf 85' lang='lat' dir='ltr'>perfectio,</span> 
     </span>
     <span class='ocr_line' id='line_1_25' title="bbox 977 777 1393 820; baseline 0.007 -11"><span class='ocrx_word' id='word_1_85' title='bbox 977 777 1046 818; x_wconf 86' lang='lat' dir='ltr'>Ego</span> <span class='ocrx_word' id='word_1_86' title='bbox 1072 787 1140 810; x_wconf 88' lang='lat' dir='ltr'>sum</span> <span class='ocrx_word' id='word_1_87' title='bbox 1166 778 1200 810; x_wconf 91' lang='lat' dir='ltr'>in</span> <span class='ocrx_word' id='word_1_88' title='bbox 1224 782 1279 811; x_wconf 90' lang='lat' dir='ltr'>tuo</span> <span class='ocrx_word' id='word_1_89' title='bbox 1306 789 1393 820; x_wconf 84' lang='lat' dir='ltr'>agro,</span> 
     </span>
    </p>

    <p class='ocr_par' dir='ltr' id='par_1_11' title="bbox 978 825 1360 860">
     <span class='ocr_line' id='line_1_26' title="bbox 978 825 1360 860; baseline 0.005 -3"><span class='ocrx_word' id='word_1_90' title='bbox 978 825 1029 858; x_wconf 90' lang='lat' dir='ltr'>Sis</span> <span class='ocrx_word' id='word_1_91' title='bbox 1056 825 1118 858; x_wconf 88' lang='lat' dir='ltr'>mei</span> <span class='ocrx_word' id='word_1_92' title='bbox 1142 829 1178 859; x_wconf 77' lang='lat' dir='ltr'>tu</span> <span class='ocrx_word' id='word_1_93' title='bbox 1203 826 1360 860; x_wconf 86' lang='lat' dir='ltr'>defensio.</span> 
     </span>
    </p>
   </div>
   <div class='ocr_carea' id='block_1_9' title="bbox 588 953 1125 994">
    <p class='ocr_par' dir='ltr' id='par_1_12' title="bbox 588 953 1125 994">
     <span class='ocr_line' id='line_1_27' title="bbox 588 953 1125 994; baseline 0.002 -9"><span class='ocrx_word' id='word_1_94' title='bbox 588 953 650 986; x_wconf 82' lang='lat'>128.</span> <span class='ocrx_word' id='word_1_95' title='bbox 692 954 830 994; x_wconf 79' lang='lat' dir='ltr'>Hymnus</span> <span class='ocrx_word' id='word_1_96' title='bbox 852 955 893 987; x_wconf 79' lang='lat' dir='ltr'>ad</span> <span class='ocrx_word' id='word_1_97' title='bbox 912 955 1038 987; x_wconf 82' lang='lat' dir='ltr'>laudem</span> <span class='ocrx_word' id='word_1_98' title='bbox 1059 956 1125 988; x_wconf 85' lang='lat' dir='ltr'>Dei.</span> 
     </span>
    </p>
   </div>
   <div class='ocr_carea' id='block_1_10' title="bbox 220 1052 818 1334">
    <p class='ocr_par' dir='ltr' id='par_1_13' title="bbox 220 1052 748 1143">
     <span class='ocr_line' id='line_1_28' title="bbox 220 1052 748 1093; baseline 0.002 -9"><span class='ocrx_word' id='word_1_99' title='bbox 220 1077 227 1084; x_wconf 94' lang='lat'>.</span> <span class='ocrx_word' id='word_1_100' title='bbox 255 1052 304 1084; x_wconf 85' lang='lat' dir='ltr'>Tu</span> <span class='ocrx_word' id='word_1_101' title='bbox 332 1056 458 1085; x_wconf 87' lang='lat' dir='ltr'>creator</span> <span class='ocrx_word' id='word_1_102' title='bbox 483 1056 599 1085; x_wconf 84' lang='lat' dir='ltr'>cuncta</span> <span class='ocrx_word' id='word_1_103' title='bbox 625 1063 748 1093; x_wconf 86' lang='lat' dir='ltr'>creans,</span> 
     </span>
     <span class='ocr_line' id='line_1_29' title="bbox 255 1100 734 1143; baseline 0.002 -11"><span class='ocrx_word' id='word_1_104' title='bbox 255 1100 306 1132; x_wconf 90' lang='lat' dir='ltr'>Tu</span> <span class='ocrx_word' id='word_1_105' title='bbox 330 1100 418 1133; x_wconf 88' lang='lat' dir='ltr'>Deus</span> <span class='ocrx_word' id='word_1_106' title='bbox 444 1109 551 1133; x_wconf 88' lang='lat' dir='ltr'>escam</span> <span class='ocrx_word' id='word_1_107' title='bbox 577 1101 734 1143; x_wconf 86' lang='lat' dir='ltr'>tribuens,</span> 
     </span>
    </p>

    <p class='ocr_par' dir='ltr' id='par_1_14' title="bbox 255 1148 707 1191">
     <span class='ocr_line' id='line_1_30' title="bbox 255 1148 707 1191; baseline 0.004 -11"><span class='ocrx_word' id='word_1_108' title='bbox 255 1148 304 1180; x_wconf 90' lang='lat' dir='ltr'>Tu</span> <span class='ocrx_word' id='word_1_109' title='bbox 330 1148 509 1189; x_wconf 87' lang='lat' dir='ltr'>imperator</span> <span class='ocrx_word' id='word_1_110' title='bbox 532 1149 707 1191; x_wconf 85' lang='lat' dir='ltr'>imperans,</span> 
     </span>
    </p>

    <p class='ocr_par' dir='ltr' id='par_1_15' title="bbox 254 1197 818 1334">
     <span class='ocr_line' id='line_1_31' title="bbox 255 1197 818 1239; baseline 0.002 -11"><span class='ocrx_word' id='word_1_111' title='bbox 255 1197 305 1228; x_wconf 84' lang='lat' dir='ltr'>Tu</span> <span class='ocrx_word' id='word_1_112' title='bbox 331 1205 389 1229; x_wconf 85' lang='lat' dir='ltr'>rex</span> <span class='ocrx_word' id='word_1_113' title='bbox 414 1205 526 1237; x_wconf 86' lang='lat' dir='ltr'>regum</span> <span class='ocrx_word' id='word_1_114' title='bbox 552 1199 669 1229; x_wconf 82' lang='lat' dir='ltr'>cuncta</span> <span class='ocrx_word' id='word_1_115' title='bbox 693 1206 818 1239; x_wconf 86' lang='lat' dir='ltr'>regens,</span> 
     </span>
     <span class='ocr_line' id='line_1_32' title="bbox 254 1244 746 1288; baseline 0.002 -12"><span class='ocrx_word' id='word_1_116' title='bbox 254 1244 304 1277; x_wconf 91' lang='lat' dir='ltr'>Tu</span> <span class='ocrx_word' id='word_1_117' title='bbox 329 1244 418 1277; x_wconf 86' lang='lat' dir='ltr'>Deus</span> <span class='ocrx_word' id='word_1_118' title='bbox 443 1247 538 1284; x_wconf 85' lang='lat' dir='ltr'>pater</span> <span class='ocrx_word' id='word_1_119' title='bbox 565 1245 746 1288; x_wconf 86' lang='lat' dir='ltr'>dominans,</span> 
     </span>
     <span class='ocr_line' id='line_1_33' title="bbox 254 1292 728 1334; baseline 0.004 -10"><span class='ocrx_word' id='word_1_120' title='bbox 254 1293 304 1325; x_wconf 85' lang='lat' dir='ltr'>Tu</span> <span class='ocrx_word' id='word_1_121' title='bbox 329 1292 487 1325; x_wconf 90' lang='lat' dir='ltr'>Dominus</span> <span class='ocrx_word' id='word_1_122' title='bbox 513 1293 728 1334; x_wconf 82' lang='lat' dir='ltr'>omnipotens,</span> 
     </span>
    </p>
   </div>
   <div class='ocr_carea' id='block_1_11' title="bbox 220 1399 761 1681">
    <p class='ocr_par' dir='ltr' id='par_1_16' title="bbox 220 1399 761 1681">
     <span class='ocr_line' id='line_1_34' title="bbox 220 1399 761 1442; baseline 0 -10"><span class='ocrx_word' id='word_1_123' title='bbox 220 1425 228 1432; x_wconf 91' lang='lat'><em>.</em></span> <span class='ocrx_word' id='word_1_124' title='bbox 255 1399 306 1431; x_wconf 86' lang='lat' dir='ltr'>Tu</span> <span class='ocrx_word' id='word_1_125' title='bbox 332 1399 444 1442; x_wconf 84' lang='lat' dir='ltr'>virtus,</span> <span class='ocrx_word' id='word_1_126' title='bbox 473 1409 547 1440; x_wconf 81' lang='lat' dir='ltr'>pax,</span> <span class='ocrx_word' id='word_1_127' title='bbox 574 1399 761 1441; x_wconf 86' lang='lat' dir='ltr'>pacificans,</span> 
     </span>
     <span class='ocr_line' id='line_1_35' title="bbox 252 1447 720 1489; baseline 0.004 -11"><span class='ocrx_word' id='word_1_128' title='bbox 252 1447 470 1480; x_wconf 84' lang='lat' dir='ltr'>Peccantibus</span> <span class='ocrx_word' id='word_1_129' title='bbox 496 1456 530 1479; x_wconf 90' lang='lat' dir='ltr'>es</span> <span class='ocrx_word' id='word_1_130' title='bbox 553 1448 720 1489; x_wconf 86' lang='lat' dir='ltr'>miserens,</span> 
     </span>
     <span class='ocr_line' id='line_1_36' title="bbox 254 1495 717 1536; baseline 0 -8"><span class='ocrx_word' id='word_1_131' title='bbox 254 1497 304 1529; x_wconf 83' lang='lat' dir='ltr'>Tu</span> <span class='ocrx_word' id='word_1_132' title='bbox 330 1495 510 1528; x_wconf 87' lang='lat' dir='ltr'>retributor</span> <span class='ocrx_word' id='word_1_133' title='bbox 534 1505 717 1536; x_wconf 84' lang='lat' dir='ltr'>munerans,</span> 
     </span>
     <span class='ocr_line' id='line_1_37' title="bbox 252 1543 694 1585; baseline -0.002 -9"><span class='ocrx_word' id='word_1_134' title='bbox 252 1543 302 1576; x_wconf 88' lang='lat' dir='ltr'>Tu</span> <span class='ocrx_word' id='word_1_135' title='bbox 328 1553 362 1576; x_wconf 86' lang='lat' dir='ltr'>es</span> <span class='ocrx_word' id='word_1_136' title='bbox 388 1547 513 1577; x_wconf 81' lang='lat' dir='ltr'>amator</span> <span class='ocrx_word' id='word_1_137' title='bbox 540 1543 694 1585; x_wconf 83' lang='lat' dir='ltr'>dirigens,</span> 
     </span>
     <span class='ocr_line' id='line_1_38' title="bbox 254 1592 711 1633; baseline 0 -9"><span class='ocrx_word' id='word_1_138' title='bbox 254 1592 304 1624; x_wconf 91' lang='lat' dir='ltr'>Tu</span> <span class='ocrx_word' id='word_1_139' title='bbox 330 1601 364 1624; x_wconf 85' lang='lat' dir='ltr'>es</span> <span class='ocrx_word' id='word_1_140' title='bbox 389 1593 534 1625; x_wconf 86' lang='lat' dir='ltr'>salvator</span> <span class='ocrx_word' id='word_1_141' title='bbox 558 1592 711 1633; x_wconf 86' lang='lat' dir='ltr'>liberans,</span> 
     </span>
     <span class='ocr_line' id='line_1_39' title="bbox 251 1639 730 1681; baseline 0.002 -9"><span class='ocrx_word' id='word_1_142' title='bbox 251 1640 301 1672; x_wconf 88' lang='lat' dir='ltr'>Tu</span> <span class='ocrx_word' id='word_1_143' title='bbox 327 1649 360 1672; x_wconf 89' lang='lat' dir='ltr'>es</span> <span class='ocrx_word' id='word_1_144' title='bbox 387 1640 524 1673; x_wconf 89' lang='lat' dir='ltr'>salutem</span> <span class='ocrx_word' id='word_1_145' title='bbox 548 1639 730 1681; x_wconf 80' lang='lat' dir='ltr'>proferens,</span> 
     </span>
    </p>
   </div>
   <div class='ocr_carea' id='block_1_12' title="bbox 218 1746 781 2030">
    <p class='ocr_par' dir='ltr' id='par_1_17' title="bbox 218 1746 731 1883">
     <span class='ocr_line' id='line_1_40' title="bbox 218 1746 731 1788; baseline -0.002 -8"><span class='ocrx_word' id='word_1_146' title='bbox 218 1773 224 1780; x_wconf 95' lang='lat'><em>.</em></span> <span class='ocrx_word' id='word_1_147' title='bbox 251 1746 302 1778; x_wconf 90' lang='lat' dir='ltr'>Tu</span> <span class='ocrx_word' id='word_1_148' title='bbox 327 1746 386 1788; x_wconf 84' lang='lat' dir='ltr'>sol,</span> <span class='ocrx_word' id='word_1_149' title='bbox 413 1747 508 1779; x_wconf 84' lang='lat' dir='ltr'>stella</span> <span class='ocrx_word' id='word_1_150' title='bbox 532 1747 731 1788; x_wconf 86' lang='lat' dir='ltr'>illuminans,</span> 
     </span>
     <span class='ocr_line' id='line_1_41' title="bbox 251 1794 709 1838; baseline 0 -11"><span class='ocrx_word' id='word_1_151' title='bbox 251 1794 302 1827; x_wconf 85' lang='lat' dir='ltr'>Tu</span> <span class='ocrx_word' id='word_1_152' title='bbox 328 1795 485 1835; x_wconf 88' lang='lat' dir='ltr'>splendor</span> <span class='ocrx_word' id='word_1_153' title='bbox 510 1794 709 1838; x_wconf 87' lang='lat' dir='ltr'>indeficiens,</span> 
     </span>
     <span class='ocr_line' id='line_1_42' title="bbox 252 1843 683 1883; baseline 0 -8"><span class='ocrx_word' id='word_1_154' title='bbox 252 1843 301 1875; x_wconf 90' lang='lat' dir='ltr'>Tu</span> <span class='ocrx_word' id='word_1_155' title='bbox 327 1843 488 1875; x_wconf 88' lang='lat' dir='ltr'>virtuosus</span> <span class='ocrx_word' id='word_1_156' title='bbox 514 1843 683 1883; x_wconf 84' lang='lat' dir='ltr'>roborans,</span> 
     </span>
    </p>

    <p class='ocr_par' dir='ltr' id='par_1_18' title="bbox 250 1891 781 2030">
     <span class='ocr_line' id='line_1_43' title="bbox 250 1891 731 1935; baseline 0.002 -12"><span class='ocrx_word' id='word_1_157' title='bbox 250 1891 301 1924; x_wconf 89' lang='lat' dir='ltr'>Tu</span> <span class='ocrx_word' id='word_1_158' title='bbox 327 1901 360 1923; x_wconf 87' lang='lat' dir='ltr'>es</span> <span class='ocrx_word' id='word_1_159' title='bbox 387 1891 524 1924; x_wconf 83' lang='lat' dir='ltr'>virtutes</span> <span class='ocrx_word' id='word_1_160' title='bbox 551 1891 731 1935; x_wconf 84' lang='lat' dir='ltr'>conferens,</span> 
     </span>
     <span class='ocr_line' id='line_1_44' title="bbox 252 1940 781 1984; baseline 0.002 -12"><span class='ocrx_word' id='word_1_161' title='bbox 252 1940 301 1972; x_wconf 79' lang='lat' dir='ltr'>Tu</span> <span class='ocrx_word' id='word_1_162' title='bbox 328 1949 362 1972; x_wconf 89' lang='lat' dir='ltr'>es</span> <span class='ocrx_word' id='word_1_163' title='bbox 389 1941 564 1981; x_wconf 86' lang='lat' dir='ltr'>deponens,</span> <span class='ocrx_word' id='word_1_164' title='bbox 591 1940 781 1984; x_wconf 86' lang='lat' dir='ltr'>sublimans,</span> 
     </span>
     <span class='ocr_line' id='line_1_45' title="bbox 252 1989 770 2030; baseline 0 -9"><span class='ocrx_word' id='word_1_165' title='bbox 252 1989 302 2021; x_wconf 92' lang='lat' dir='ltr'>Tu</span> <span class='ocrx_word' id='word_1_166' title='bbox 328 1998 361 2021; x_wconf 88' lang='lat' dir='ltr'>es</span> <span class='ocrx_word' id='word_1_167' title='bbox 389 1989 546 2030; x_wconf 83' lang='lat' dir='ltr'>exaltans,</span> <span class='ocrx_word' id='word_1_168' title='bbox 574 1989 770 2030; x_wconf 82' lang='lat' dir='ltr'>deprimens.</span> 
     </span>
    </p>
   </div>
   <div class='ocr_carea' id='block_1_13' title="bbox 893 1400 925 1433">
    <p class='ocr_par' dir='ltr' id='par_1_19' title="bbox 893 1400 925 1433">
     <span class='ocr_line' id='line_1_46' title="bbox 893 1400 925 1433; baseline 0 0"><span class='ocrx_word' id='word_1_169' title='bbox 893 1400 925 1433; x_wconf 86' lang='lat'>5.</span> 
     </span>
    </p>
   </div>
   <div class='ocr_carea' id='block_1_14' title="bbox 892 1055 1462 1098">
    <p class='ocr_par' dir='ltr' id='par_1_20' title="bbox 892 1055 1462 1098">
     <span class='ocr_line' id='line_1_47' title="bbox 892 1055 1462 1098; baseline 0.004 -12"><span class='ocrx_word' id='word_1_170' title='bbox 892 1055 926 1090; x_wconf 83' lang='lat'>4.</span> <span class='ocrx_word' id='word_1_171' title='bbox 952 1055 1002 1087; x_wconf 92' lang='lat' dir='ltr'>Tu</span> <span class='ocrx_word' id='word_1_172' title='bbox 1025 1064 1125 1094; x_wconf 87' lang='lat' dir='ltr'>supra</span> <span class='ocrx_word' id='word_1_173' title='bbox 1149 1055 1299 1087; x_wconf 88' lang='lat' dir='ltr'>thronum</span> <span class='ocrx_word' id='word_1_174' title='bbox 1325 1055 1462 1098; x_wconf 76' lang='lat' dir='ltr'>iudicaS,</span> 
     </span>
    </p>
   </div>
   <div class='ocr_carea' id='block_1_15' title="bbox 951 1102 1489 1336">
    <p class='ocr_par' dir='ltr' id='par_1_21' title="bbox 952 1102 1489 1191">
     <span class='ocr_line' id='line_1_48' title="bbox 953 1102 1489 1145; baseline 0.004 -11"><span class='ocrx_word' id='word_1_175' title='bbox 953 1102 1003 1134; x_wconf 91' lang='lat' dir='ltr'>Tu</span> <span class='ocrx_word' id='word_1_176' title='bbox 1026 1102 1141 1143; x_wconf 83' lang='lat' dir='ltr'>ligans,</span> <span class='ocrx_word' id='word_1_177' title='bbox 1168 1103 1307 1145; x_wconf 86' lang='lat' dir='ltr'>solvens,</span> <span class='ocrx_word' id='word_1_178' title='bbox 1335 1103 1489 1145; x_wconf 82' lang='lat' dir='ltr'>retinens,</span> 
     </span>
     <span class='ocr_line' id='line_1_49' title="bbox 952 1150 1388 1191; baseline 0 -8"><span class='ocrx_word' id='word_1_179' title='bbox 952 1151 1001 1183; x_wconf 89' lang='lat' dir='ltr'>Tu</span> <span class='ocrx_word' id='word_1_180' title='bbox 1026 1150 1114 1182; x_wconf 89' lang='lat' dir='ltr'>Deus</span> <span class='ocrx_word' id='word_1_181' title='bbox 1140 1159 1174 1182; x_wconf 88' lang='lat' dir='ltr'>es</span> <span class='ocrx_word' id='word_1_182' title='bbox 1198 1150 1388 1191; x_wconf 81' lang='lat' dir='ltr'>iustificans,</span> 
     </span>
    </p>

    <p class='ocr_par' dir='ltr' id='par_1_22' title="bbox 951 1199 1450 1336">
     <span class='ocr_line' id='line_1_50' title="bbox 952 1199 1426 1241; baseline 0.004 -12"><span class='ocrx_word' id='word_1_183' title='bbox 952 1199 1002 1230; x_wconf 90' lang='lat' dir='ltr'>Tu</span> <span class='ocrx_word' id='word_1_184' title='bbox 1027 1206 1125 1239; x_wconf 88' lang='lat' dir='ltr'>super</span> <span class='ocrx_word' id='word_1_185' title='bbox 1150 1207 1260 1230; x_wconf 89' lang='lat' dir='ltr'>omnes</span> <span class='ocrx_word' id='word_1_186' title='bbox 1286 1199 1426 1241; x_wconf 85' lang='lat' dir='ltr'>sapiens,</span> 
     </span>
     <span class='ocr_line' id='line_1_51' title="bbox 951 1246 1417 1288; baseline 0.004 -11"><span class='ocrx_word' id='word_1_187' title='bbox 951 1246 1001 1278; x_wconf 91' lang='lat' dir='ltr'>Tu</span> <span class='ocrx_word' id='word_1_188' title='bbox 1026 1246 1242 1286; x_wconf 84' lang='lat' dir='ltr'>triumphator</span> <span class='ocrx_word' id='word_1_189' title='bbox 1267 1247 1417 1288; x_wconf 66' lang='lat' dir='ltr'>militans,</span> 
     </span>
     <span class='ocr_line' id='line_1_52' title="bbox 951 1294 1450 1336; baseline 0.006 -10"><span class='ocrx_word' id='word_1_190' title='bbox 951 1294 1001 1326; x_wconf 89' lang='lat' dir='ltr'>Tu</span> <span class='ocrx_word' id='word_1_191' title='bbox 1025 1294 1126 1326; x_wconf 86' lang='lat' dir='ltr'>vitam</span> <span class='ocrx_word' id='word_1_192' title='bbox 1150 1294 1243 1327; x_wconf 89' lang='lat' dir='ltr'>nobis</span> <span class='ocrx_word' id='word_1_193' title='bbox 1269 1295 1450 1336; x_wconf 83' lang='lat' dir='ltr'>porrigens,</span> 
     </span>
    </p>
   </div>
   <div class='ocr_carea' id='block_1_16' title="bbox 951 1399 1485 1674">
    <p class='ocr_par' dir='ltr' id='par_1_23' title="bbox 951 1399 1485 1674">
     <span class='ocr_line' id='line_1_53' title="bbox 953 1399 1442 1440; baseline 0.004 -9"><span class='ocrx_word' id='word_1_194' title='bbox 953 1399 1181 1440; x_wconf 86' lang='lat' dir='ltr'>Unusquisque</span> <span class='ocrx_word' id='word_1_195' title='bbox 1205 1400 1249 1432; x_wconf 81' lang='lat' dir='ltr'>sit</span> <span class='ocrx_word' id='word_1_196' title='bbox 1272 1403 1305 1431; x_wconf 87' lang='lat' dir='ltr'>te</span> <span class='ocrx_word' id='word_1_197' title='bbox 1331 1410 1442 1433; x_wconf 85' lang='lat' dir='ltr'>amans</span> 
     </span>
     <span class='ocr_line' id='line_1_54' title="bbox 951 1447 1449 1489; baseline 0.006 -11"><span class='ocrx_word' id='word_1_198' title='bbox 951 1447 995 1479; x_wconf 85' lang='lat' dir='ltr'>Et</span> <span class='ocrx_word' id='word_1_199' title='bbox 1021 1452 1053 1479; x_wconf 84' lang='lat' dir='ltr'>te</span> <span class='ocrx_word' id='word_1_200' title='bbox 1078 1448 1123 1479; x_wconf 82' lang='lat' dir='ltr'>sit</span> <span class='ocrx_word' id='word_1_201' title='bbox 1149 1448 1273 1486; x_wconf 85' lang='lat' dir='ltr'>timens,</span> <span class='ocrx_word' id='word_1_202' title='bbox 1300 1449 1449 1489; x_wconf 82' lang='lat' dir='ltr'>diligens,</span> 
     </span>
     <span class='ocr_line' id='line_1_55' title="bbox 952 1495 1469 1529; baseline 0.002 -1"><span class='ocrx_word' id='word_1_203' title='bbox 952 1495 1062 1528; x_wconf 91' lang='lat' dir='ltr'>Omnis</span> <span class='ocrx_word' id='word_1_204' title='bbox 1089 1497 1183 1528; x_wconf 87' lang='lat' dir='ltr'>homo</span> <span class='ocrx_word' id='word_1_205' title='bbox 1209 1496 1252 1528; x_wconf 79' lang='lat' dir='ltr'>sit</span> <span class='ocrx_word' id='word_1_206' title='bbox 1276 1499 1308 1528; x_wconf 79' lang='lat' dir='ltr'>te</span> <span class='ocrx_word' id='word_1_207' title='bbox 1332 1497 1469 1529; x_wconf 86' lang='lat' dir='ltr'>laudans</span> 
     </span>
     <span class='ocr_line' id='line_1_56' title="bbox 952 1543 1360 1586; baseline 0.002 -11"><span class='ocrx_word' id='word_1_208' title='bbox 952 1543 998 1576; x_wconf 78' lang='lat' dir='ltr'>Et</span> <span class='ocrx_word' id='word_1_209' title='bbox 1023 1543 1081 1575; x_wconf 83' lang='lat' dir='ltr'>tibi</span> <span class='ocrx_word' id='word_1_210' title='bbox 1107 1544 1150 1576; x_wconf 79' lang='lat' dir='ltr'>sit</span> <span class='ocrx_word' id='word_1_211' title='bbox 1174 1544 1360 1586; x_wconf 83' lang='lat' dir='ltr'>oboediens,</span> 
     </span>
     <span class='ocr_line' id='line_1_57' title="bbox 954 1592 1485 1636; baseline -0.002 -10"><span class='ocrx_word' id='word_1_212' title='bbox 954 1592 1183 1632; x_wconf 88' lang='lat' dir='ltr'>Unusquisque</span> <span class='ocrx_word' id='word_1_213' title='bbox 1207 1596 1248 1624; x_wconf 83' lang='lat' dir='ltr'>Slt</span> <span class='ocrx_word' id='word_1_214' title='bbox 1275 1596 1307 1624; x_wconf 87' lang='lat' dir='ltr'>te</span> <span class='ocrx_word' id='word_1_215' title='bbox 1334 1593 1485 1636; x_wconf 87' lang='lat' dir='ltr'>clamans,</span> 
     </span>
     <span class='ocr_line' id='line_1_58' title="bbox 955 1640 1412 1674; baseline 0.002 -1"><span class='ocrx_word' id='word_1_216' title='bbox 955 1640 1119 1673; x_wconf 90' lang='lat' dir='ltr'>Contritus</span> <span class='ocrx_word' id='word_1_217' title='bbox 1147 1641 1189 1673; x_wconf 87' lang='lat' dir='ltr'>ad</span> <span class='ocrx_word' id='word_1_218' title='bbox 1214 1643 1247 1672; x_wconf 84' lang='lat' dir='ltr'>te</span> <span class='ocrx_word' id='word_1_219' title='bbox 1272 1641 1412 1674; x_wconf 90' lang='lat' dir='ltr'>rediens.</span> 
     </span>
    </p>
   </div>
   <div class='ocr_carea' id='block_1_17' title="bbox 919 1746 1451 1791">
    <p class='ocr_par' dir='ltr' id='par_1_24' title="bbox 919 1746 1451 1791">
     <span class='ocr_line' id='line_1_59' title="bbox 919 1746 1451 1791; baseline 0 -12"><span class='ocrx_word' id='word_1_220' title='bbox 919 1772 926 1779; x_wconf 96' lang='lat'>.</span> <span class='ocrx_word' id='word_1_221' title='bbox 952 1746 1026 1779; x_wconf 86' lang='lat' dir='ltr'>Non</span> <span class='ocrx_word' id='word_1_222' title='bbox 1053 1747 1096 1778; x_wconf 90' lang='lat' dir='ltr'>sis</span> <span class='ocrx_word' id='word_1_223' title='bbox 1122 1750 1258 1788; x_wconf 77' lang='lat' dir='ltr'>peccata</span> <span class='ocrx_word' id='word_1_224' title='bbox 1285 1747 1451 1791; x_wconf 85' lang='lat' dir='ltr'>denotans,</span> 
     </span>
    </p>
   </div>
   <div class='ocr_carea' id='block_1_18' title="bbox 953 1795 1502 2030">
    <p class='ocr_par' dir='ltr' id='par_1_25' title="bbox 953 1795 1502 1981">
     <span class='ocr_line' id='line_1_60' title="bbox 953 1795 1470 1838; baseline 0.004 -12"><span class='ocrx_word' id='word_1_225' title='bbox 953 1795 1027 1827; x_wconf 85' lang='lat' dir='ltr'>Non</span> <span class='ocrx_word' id='word_1_226' title='bbox 1053 1795 1097 1826; x_wconf 90' lang='lat' dir='ltr'>sis</span> <span class='ocrx_word' id='word_1_227' title='bbox 1124 1798 1295 1835; x_wconf 85' lang='lat' dir='ltr'>peccantes</span> <span class='ocrx_word' id='word_1_228' title='bbox 1321 1795 1470 1838; x_wconf 88' lang='lat' dir='ltr'>puniens,</span> 
     </span>
     <span class='ocr_line' id='line_1_61' title="bbox 954 1843 1502 1886; baseline 0.002 -11"><span class='ocrx_word' id='word_1_229' title='bbox 954 1843 1028 1875; x_wconf 86' lang='lat' dir='ltr'>Non</span> <span class='ocrx_word' id='word_1_230' title='bbox 1055 1843 1098 1875; x_wconf 93' lang='lat' dir='ltr'>sis</span> <span class='ocrx_word' id='word_1_231' title='bbox 1121 1846 1293 1885; x_wconf 82' lang='lat' dir='ltr'>peccantes</span> <span class='ocrx_word' id='word_1_232' title='bbox 1318 1848 1502 1886; x_wconf 84' lang='lat' dir='ltr'>increpans,</span> 
     </span>
     <span class='ocr_line' id='line_1_62' title="bbox 954 1890 1453 1934; baseline 0.002 -10"><span class='ocrx_word' id='word_1_233' title='bbox 954 1892 1028 1924; x_wconf 85' lang='lat' dir='ltr'>Non</span> <span class='ocrx_word' id='word_1_234' title='bbox 1054 1892 1098 1923; x_wconf 89' lang='lat' dir='ltr'>sis</span> <span class='ocrx_word' id='word_1_235' title='bbox 1124 1895 1296 1932; x_wconf 87' lang='lat' dir='ltr'>peccantes</span> <span class='ocrx_word' id='word_1_236' title='bbox 1322 1890 1453 1934; x_wconf 68' lang='lat' dir='ltr'>seriem,</span> 
     </span>
     <span class='ocr_line' id='line_1_63' title="bbox 954 1939 1412 1981; baseline -0.002 -8"><span class='ocrx_word' id='word_1_237' title='bbox 954 1940 1019 1973; x_wconf 91' lang='lat' dir='ltr'>Sed</span> <span class='ocrx_word' id='word_1_238' title='bbox 1044 1939 1138 1972; x_wconf 90' lang='lat' dir='ltr'>nobis</span> <span class='ocrx_word' id='word_1_239' title='bbox 1165 1941 1249 1973; x_wconf 85' lang='lat' dir='ltr'>dona</span> <span class='ocrx_word' id='word_1_240' title='bbox 1276 1941 1412 1981; x_wconf 87' lang='lat' dir='ltr'>veniam,</span> 
     </span>
    </p>

    <p class='ocr_par' dir='ltr' id='par_1_26' title="bbox 954 1988 1398 2030">
     <span class='ocr_line' id='line_1_64' title="bbox 954 1988 1398 2030; baseline 0 -9"><span class='ocrx_word' id='word_1_241' title='bbox 954 1988 1005 2021; x_wconf 91' lang='lat' dir='ltr'>Sis</span> <span class='ocrx_word' id='word_1_242' title='bbox 1029 1989 1218 2030; x_wconf 83' lang='lat' dir='ltr'>paradisum</span> <span class='ocrx_word' id='word_1_243' title='bbox 1241 1989 1398 2022; x_wconf 84' lang='lat' dir='ltr'>tribuens.</span> 
     </span>
    </p>
   </div>
   <div class='ocr_carea' id='block_1_19' title="bbox 541 2110 1164 2151">
    <p class='ocr_par' dir='ltr' id='par_1_27' title="bbox 541 2110 1164 2151">
     <span class='ocr_line' id='line_1_65' title="bbox 541 2110 1164 2151; baseline -0.003 -8"><span class='ocrx_word' id='word_1_244' title='bbox 541 2111 604 2144; x_wconf 87' lang='lat'><strong>129.</strong></span> <span class='ocrx_word' id='word_1_245' title='bbox 647 2111 785 2151; x_wconf 83' lang='lat' dir='ltr'>Hymnus</span> <span class='ocrx_word' id='word_1_246' title='bbox 808 2110 848 2143; x_wconf 81' lang='lat' dir='ltr'>ad</span> <span class='ocrx_word' id='word_1_247' title='bbox 867 2111 1000 2144; x_wconf 74' lang='lat' dir='ltr'>beatum</span> <span class='ocrx_word' id='word_1_248' title='bbox 1022 2111 1164 2143; x_wconf 83' lang='lat' dir='ltr'>Petrum.</span> 
     </span>
    </p>
   </div>
   <div class='ocr_carea' id='block_1_20' title="bbox 218 2209 760 2489">
    <p class='ocr_par' dir='ltr' id='par_1_28' title="bbox 218 2209 760 2489">
     <span class='ocr_line' id='line_1_66' title="bbox 218 2209 672 2254; baseline -0.004 -8"><span class='ocrx_word' id='word_1_249' title='bbox 218 2240 225 2246; x_wconf 95' lang='lat'><strong><em>.</em></strong></span> <span class='ocrx_word' id='word_1_250' title='bbox 254 2213 279 2246; x_wconf 95' lang='grc' dir='ltr'>Ο</span> <span class='ocrx_word' id='word_1_251' title='bbox 307 2209 403 2245; x_wconf 79' lang='lat' dir='ltr'>be‘ate</span> <span class='ocrx_word' id='word_1_252' title='bbox 428 2215 541 2252; x_wconf 87' lang='lat' dir='ltr'>pastor</span> <span class='ocrx_word' id='word_1_253' title='bbox 565 2213 672 2254; x_wconf 90' lang='lat' dir='ltr'>Petre,</span> 
     </span>
     <span class='ocr_line' id='line_1_67' title="bbox 254 2261 729 2303; baseline -0.004 -9"><span class='ocrx_word' id='word_1_254' title='bbox 254 2261 412 2301; x_wconf 87' lang='lat' dir='ltr'>Princeps</span> <span class='ocrx_word' id='word_1_255' title='bbox 438 2264 473 2293; x_wconf 90' lang='lat' dir='ltr'>tu</span> <span class='ocrx_word' id='word_1_256' title='bbox 498 2261 729 2303; x_wconf 86' lang='lat' dir='ltr'>apostolorum,</span> 
     </span>
     <span class='ocr_line' id='line_1_68' title="bbox 252 2308 760 2351; baseline -0.004 -8"><span class='ocrx_word' id='word_1_257' title='bbox 252 2310 358 2351; x_wconf 88' lang='lat' dir='ltr'>Super</span> <span class='ocrx_word' id='word_1_258' title='bbox 383 2313 416 2342; x_wconf 83' lang='lat' dir='ltr'>te</span> <span class='ocrx_word' id='word_1_259' title='bbox 442 2308 622 2342; x_wconf 82' lang='lat' dir='ltr'>fundantur</span> <span class='ocrx_word' id='word_1_260' title='bbox 647 2312 760 2350; x_wconf 79' lang='lat' dir='ltr'>petrae</span> 
     </span>
     <span class='ocr_line' id='line_1_69' title="bbox 254 2358 688 2400; baseline -0.005 -9"><span class='ocrx_word' id='word_1_261' title='bbox 254 2360 293 2391; x_wconf 90' lang='lat' dir='ltr'>In</span> <span class='ocrx_word' id='word_1_262' title='bbox 320 2358 466 2391; x_wconf 88' lang='lat' dir='ltr'>ecclesiis</span> <span class='ocrx_word' id='word_1_263' title='bbox 492 2361 688 2400; x_wconf 83' lang='lat' dir='ltr'>sanctorum,</span> 
     </span>
     <span class='ocr_line' id='line_1_70' title="bbox 253 2406 704 2448; baseline -0.004 -8"><span class='ocrx_word' id='word_1_264' title='bbox 253 2407 431 2440; x_wconf 88' lang='lat' dir='ltr'>Hominum</span> <span class='ocrx_word' id='word_1_265' title='bbox 453 2406 599 2448; x_wconf 86' lang='lat' dir='ltr'>piscator</span> <span class='ocrx_word' id='word_1_266' title='bbox 625 2410 704 2447; x_wconf 82' lang='lat' dir='ltr'>rete,</span> 
     </span>
     <span class='ocr_line' id='line_1_71' title="bbox 252 2455 755 2489; baseline 0 -1"><span class='ocrx_word' id='word_1_267' title='bbox 252 2456 358 2488; x_wconf 89' lang='lat' dir='ltr'>Tenes</span> <span class='ocrx_word' id='word_1_268' title='bbox 386 2455 493 2489; x_wconf 83' lang='lat' dir='ltr'>claves</span> <span class='ocrx_word' id='word_1_269' title='bbox 519 2457 554 2487; x_wconf 83' lang='lat' dir='ltr'>tu</span> <span class='ocrx_word' id='word_1_270' title='bbox 582 2455 755 2488; x_wconf 83' lang='lat' dir='ltr'>caelorum.</span> 
     </span>
    </p>
   </div>
   <div class='ocr_carea' id='block_1_21' title="bbox 893 2214 925 2246">
    <p class='ocr_par' dir='ltr' id='par_1_29' title="bbox 893 2214 925 2246">
     <span class='ocr_line' id='line_1_72' title="bbox 893 2214 925 2246; baseline 0 0"><span class='ocrx_word' id='word_1_271' title='bbox 893 2214 925 2246; x_wconf 90' lang='grc'>2.</span> 
     </span>
    </p>
   </div>
   <div class='ocr_carea' id='block_1_22' title="bbox 952 2210 1505 2486">
    <p class='ocr_par' dir='ltr' id='par_1_30' title="bbox 952 2210 1337 2253">
     <span class='ocr_line' id='line_1_73' title="bbox 952 2210 1337 2253; baseline -0.003 -9"><span class='ocrx_word' id='word_1_272' title='bbox 952 2210 1116 2244; x_wconf 91' lang='lat' dir='ltr'>Libellum</span> <span class='ocrx_word' id='word_1_273' title='bbox 1142 2210 1202 2242; x_wconf 90' lang='lat' dir='ltr'>tibi</span> <span class='ocrx_word' id='word_1_274' title='bbox 1228 2210 1337 2253; x_wconf 85' lang='lat' dir='ltr'>offero,</span> 
     </span>
    </p>

    <p class='ocr_par' dir='ltr' id='par_1_31' title="bbox 954 2258 1412 2351">
     <span class='ocr_line' id='line_1_74' title="bbox 954 2258 1412 2303; baseline -0.002 -11"><span class='ocrx_word' id='word_1_275' title='bbox 954 2260 1054 2299; x_wconf 79' lang='lat' dir='ltr'>Quem</span> <span class='ocrx_word' id='word_1_276' title='bbox 1079 2259 1113 2291; x_wconf 93' lang='lat' dir='ltr'>in</span> <span class='ocrx_word' id='word_1_277' title='bbox 1139 2258 1205 2291; x_wconf 88' lang='lat' dir='ltr'>fide</span> <span class='ocrx_word' id='word_1_278' title='bbox 1230 2259 1412 2303; x_wconf 82' lang='lat' dir='ltr'>compilavi,</span> 
     </span>
     <span class='ocr_line' id='line_1_75' title="bbox 954 2307 1383 2351; baseline -0.002 -10"><span class='ocrx_word' id='word_1_279' title='bbox 954 2307 1099 2341; x_wconf 88' lang='lat' dir='ltr'>Inclinor</span> <span class='ocrx_word' id='word_1_280' title='bbox 1122 2307 1194 2351; x_wconf 78' lang='lat' dir='ltr'>tibi,</span> <span class='ocrx_word' id='word_1_281' title='bbox 1223 2307 1383 2350; x_wconf 89' lang='lat' dir='ltr'>supplico,</span> 
     </span>
    </p>

    <p class='ocr_par' dir='ltr' id='par_1_32' title="bbox 953 2356 1505 2486">
     <span class='ocr_line' id='line_1_76' title="bbox 954 2356 1505 2397; baseline -0.002 -7"><span class='ocrx_word' id='word_1_282' title='bbox 954 2356 1000 2390; x_wconf 77' lang='lat' dir='ltr'>Ut</span> <span class='ocrx_word' id='word_1_283' title='bbox 1024 2365 1087 2388; x_wconf 91' lang='lat' dir='ltr'>non</span> <span class='ocrx_word' id='word_1_284' title='bbox 1115 2356 1249 2388; x_wconf 87' lang='lat' dir='ltr'>damner</span> <span class='ocrx_word' id='word_1_285' title='bbox 1274 2365 1378 2397; x_wconf 90' lang='lat' dir='ltr'>poena</span> <span class='ocrx_word' id='word_1_286' title='bbox 1403 2356 1505 2397; x_wconf 84' lang='lat' dir='ltr'>gravi,</span> 
     </span>
     <span class='ocr_line' id='line_1_77' title="bbox 954 2404 1437 2446; baseline 0 -8"><span class='ocrx_word' id='word_1_287' title='bbox 954 2405 1034 2438; x_wconf 88' lang='lat' dir='ltr'>Cum</span> <span class='ocrx_word' id='word_1_288' title='bbox 1059 2404 1181 2437; x_wconf 85' lang='lat' dir='ltr'>obitum</span> <span class='ocrx_word' id='word_1_289' title='bbox 1204 2404 1269 2437; x_wconf 86' lang='lat' dir='ltr'>iam</span> <span class='ocrx_word' id='word_1_290' title='bbox 1295 2414 1437 2446; x_wconf 85' lang='lat' dir='ltr'>sensero,</span> 
     </span>
     <span class='ocr_line' id='line_1_78' title="bbox 953 2453 1403 2486; baseline 0 0"><span class='ocrx_word' id='word_1_291' title='bbox 953 2454 1042 2486; x_wconf 89' lang='lat' dir='ltr'>Tene</span> <span class='ocrx_word' id='word_1_292' title='bbox 1067 2462 1118 2485; x_wconf 90' lang='lat' dir='ltr'>me</span> <span class='ocrx_word' id='word_1_293' title='bbox 1141 2453 1200 2486; x_wconf 83' lang='lat' dir='ltr'>sub</span> <span class='ocrx_word' id='word_1_294' title='bbox 1226 2455 1282 2486; x_wconf 84' lang='lat' dir='ltr'>tua</span> <span class='ocrx_word' id='word_1_295' title='bbox 1308 2453 1403 2486; x_wconf 83' lang='lat' dir='ltr'>olavi.</span> 
     </span>
    </p>
   </div>
  </div>
 </body>
</html>
