1651 2700
705 129 968 166 —247—

206 247 213 255 .
240 221 291 253 Tu
315 222 397 254 vitia
421 223 572 256 mortalia

240 269 309 301 Iam
336 274 459 311 septem
487 272 653 313 comisisti,

243 316 400 351 Confudit
423 322 456 351 te
481 320 644 361 superbia,

243 365 322 398 Cum
347 367 421 407 plus
447 367 531 399 scire
556 368 697 410 voluisti,

240 413 439 455 Relinquens
462 418 498 447 tu
524 416 676 449 caelestia

240 461 277 493 In
302 461 463 495 infernum
489 464 696 496 descendisti.

206 594 213 601 .
241 567 291 599 Tu
315 568 448 600 rebellis
475 570 614 602 creatori

241 614 413 648 Offendisti
438 617 649 661 maiestatem,

240 663 425 696 Submisisti
450 668 484 696 te
508 666 625 709 labori,

240 711 417 744 Perdidisti
443 716 648 756 potestatem,

240 760 426 801 Subiugasti
449 765 481 792 te
507 760 620 804 furori,

239 808 387 840 Amisisti
414 809 614 850 dignitatem.

207 940 214 948 .
240 915 336 947 Adae
361 924 472 947 omnes
498 925 699 949 successores

242 963 310 995 Nos
335 972 506 1003 peccamus
531 974 550 996 a
575 968 701 1005 natura,

241 1010 356 1043 Sumus
384 1012 490 1043 cuncti
515 1015 713 1055 peccatores‚

239 1058 308 1091 Nos
332 1068 497 1091 manemus
522 1060 556 1092 in
581 1069 744 1103 pressura,

241 1107 370 1140 Stamus
395 1116 454 1139 nos
479 1106 661 1148 inferiores,

237 1154 352 1186 Sumus
378 1164 436 1186 nos
461 1156 495 1187 in
523 1165 603 1187 vana
630 1164 716 1189 cura.

902 227 922 260 8

877 918 933 953 10.

925 252 934 261 .
961 227 1082 261 Nostra
1104 229 1210 261 anima
1235 229 1417 271 mundetur,

961 275 1135 309 Purificata
1159 282 1297 318 maneat,

960 323 1081 357 Noster
1104 325 1238 365 spiritus
1262 331 1428 368 purgetur,

960 373 1064 404 Purus
1089 373 1132 405 ad
1157 373 1261 405 Deum
1287 374 1409 414 redeat,

960 420 1024 452 Hic
1048 430 1068 452 a
1092 420 1161 453 Deo
1188 422 1354 462 dirigetur,

960 467 1020 506 Qui
1046 468 1138 500 nobis
1164 469 1254 501 illum
1281 470 1423 503 miserat.

926 600 932 606 .
959 573 1039 606 Cum
1065 574 1135 613 quis
1160 583 1290 606 securus
1316 579 1484 615 permanet

957 620 1003 653 Et
1027 622 1121 653 homo
1148 622 1217 662 quis
1242 631 1305 654 non
1332 623 1459 664 cogitat,

960 669 1029 701 Iam
1055 679 1167 702 cursor
1192 670 1303 702 mortis
1329 671 1445 714 veniet,

959 716 1005 749 Ut
1029 726 1136 749 secum
1161 717 1253 749 illum
1281 717 1425 759 deferat3

959 765 1078 797 Beatus
1103 766 1163 803 vir,
1191 775 1285 806 quem
1311 767 1464 807 paenitet,

957 812 1077 845 Beatus
1103 817 1161 853 est,
1189 814 1243 854 qui
1268 815 1392 856 vigilat.

960 918 1022 951 Dei
1048 919 1272 952 misericor.lia

960 966 1035 999 Sola
1060 970 1167 1007 potest
1191 976 1249 1000 nos
1274 968 1411 1011 salvare,

959 1014 992 1046 Si
1018 1014 1110 1047 nobis
1137 1024 1199 1047 non
1224 1018 1273 1047 est
1299 1017 1401 1058 venia,

957 1061 1044 1094 Deus
1069 1065 1178 1102 potest
1201 1072 1259 1095 nos
1285 1063 1452 1104 damnare3

958 1110 1006 1143 Ut
1029 1110 1127 1141 simus
1152 1119 1210 1142 nos
1233 1111 1268 1142 in
1293 1111 1406 1152 gloria,

957 1157 1055 1196 Deus,
1083 1158 1162 1189 velis
1187 1167 1245 1190 nos
1272 1160 1438 1192 mundare.

238 1247 266 1283 4,
291 1246 304 1276 1
326 1249 491 1278 Admisisti.
511 1266 551 1270 -
572 1249 599 1283 5,
621 1249 639 1278 2
666 1251 741 1278 fehlt
761 1252 828 1279 eine
848 1250 943 1286 Silbe3
965 1251 1021 1279 lies
1043 1253 1185 1288 septena?
1207 1269 1245 1272 —
1265 1252 1291 1286 5,
1314 1250 1332 1280 3
1355 1254 1492 1282 confugit.

557 1392 602 1423 96.
644 1392 782 1432 Hymnus
803 1392 911 1424 brevis
933 1393 1098 1425 orationis.

201 1525 208 1533 .
235 1500 334 1542 Deus,
361 1501 465 1533 nostri
489 1502 654 1543 miserere,

232 1549 424 1590 Iniquitates
451 1550 571 1592 deleas,

235 1597 329 1630 Circa
354 1607 412 1630 nos
439 1598 615 1631 clementer
639 1608 725 1640 gere,

231 1646 263 1678 A
289 1649 393 1678 morte
417 1656 476 1679 nos
503 1647 676 1687 custodias,

230 1695 304 1727 Non
332 1695 513 1727 consentias
539 1704 596 1728 nos
622 1694 709 1739 fiere,

233 1743 298 1775 Sed
324 1743 477 1784 gaudium
502 1746 538 1775 tu
563 1744 722 1785 porrigas,

197 1876 204 1884 .
228 1852 259 1883 A
285 1851 428 1891 peccaffls
453 1860 512 1883 nos
537 1853 572 1882 tu
594 1851 724 1892 munda,

230 1900 336 1939 Super
360 1899 467 1931 nivem
495 1899 693 1939 dealbemur,

231 1948 357 1980 Pietate
383 1957 441 1980 nos
464 1948 597 1991 inunda,

230 1998 261 2029 A
289 1997 417 2029 delictis
441 2006 499 2029 nos
524 1997 681 2037 lavemur,

231 2045 402 2078 Inimicum
427 2049 463 2078 tu
488 2044 661 2089 profunda,

230 2094 296 2126 Per
314 2098 348 2126 te
366 2094 530 2127 Christum
549 2104 608 2126 nos
622 2095 795 2127 salvemur.

195 2229 202 2237 .
230 2202 305 2235 Tibi
330 2201 400 2234 Deo
425 2211 484 2234 nos
511 2211 691 2244 peccamus,

230 2251 370 2283 Peccata
396 2254 508 2283 nostra
532 2251 705 2290 noscimus,

228 2299 304 2332 Tibi
331 2300 430 2332 corde
454 2299 675 2339 supplicamus

228 2348 274 2381 Et
298 2357 357 2380 nos
383 2347 500 2380 affectu
525 2347 675 2388 petimus,

229 2396 275 2429 Ut
299 2399 333 2428 te
357 2396 462 2428 Deum
488 2396 667 2439 videamus,

226 2445 327 2486 Quem
354 2454 412 2477 nos
438 2445 472 2477 in
499 2445 598 2477 corde
623 2444 774 2486 gerimus.

868 1854 900 1886 5.

870 1504 904 1537 4.
933 1503 1068 1543 Semper
1092 1503 1162 1535 Deo
1189 1502 1368 1536 referamus

930 1551 1111 1592 Gratesque
1136 1552 1260 1592 laudes,
1287 1552 1418 1592 gratias,

929 1599 997 1632 Nos
1023 1599 1055 1631 in
1081 1599 1152 1632 Deo
1178 1609 1374 1640 maneamus.

926 1647 996 1680 Sibi
1021 1648 1195 1680 reddamus
1222 1648 1374 1690 decimas,

928 1696 996 1728 Nos
1021 1696 1053 1728 in
1081 1696 1149 1729 Deo
1176 1697 1372 1737 gaudeamus

927 1744 1004 1777 Pias
1030 1743 1202 1776 fundentes
1228 1745 1390 1779 lacrimas

925 1852 991 1886 Hic
1014 1852 1160 1884 homines
1185 1850 1329 1884 vivificat

926 1901 1109 1941 Escamque
1134 1901 1257 1932 cunctis
1282 1900 1407 1941 tribuit,

927 1948 1116 1990 Mortificat‚
1142 1949 1300 1989 humiliat,

925 1998 1072 2038 Exaltat,
1098 1997 1170 2038 ipse
1196 1997 1359 2038 deprimit,

928 2045 1107 2086 Glorificat,
1134 2045 1298 2087 iustificat,

926 2095 1029 2132 Ditat‚
1058 2095 1201 2137 dimittit,
1230 2095 1358 2134 recipit.

895 2228 901 2234 .
929 2201 992 2234 Dei
1016 2201 1123 2241 iugum
1151 2204 1200 2232 est
1224 2209 1332 2243 suave,

928 2250 989 2282 Est
1013 2250 1085 2289 ipse
1111 2248 1198 2281 Deus
1225 2248 1353 2286 caritas,

927 2298 1019 2330 Nihil
1045 2300 1094 2329 est
1116 2297 1149 2329 in
1174 2297 1246 2337 ipso
1272 2306 1381 2338 grave,

930 2346 995 2379 Sed
1020 2348 1106 2378 totus
1132 2354 1232 2388 amor,
1258 2346 1372 2388 pietaS,

928 2394 1076 2426 Humiles
1103 2394 1247 2425 dicamus
1273 2403 1341 2438 ave,

929 2444 968 2476 In
993 2442 1086 2474 nobis
1113 2443 1174 2474 erit
1200 2443 1366 2477 sanctitaS.
