1651 2700
212 235 219 243 .
247 210 384 251 Accepit
409 219 428 243 a
450 210 589 243 Domino

294 258 559 291 Benedictionem

248 306 378 339 Intrans
402 307 473 339 sine
496 307 635 339 termino

298 354 387 387 Caeli
412 356 621 388 mansionem.

387 450 598 486 Responsoria.

214 535 221 543 .
248 508 321 541 Non
347 509 379 541 in
407 512 515 541 terrae
533 509 654 550 gremio

247 556 342 588 Texit
368 565 428 588 nec
453 557 583 589 sudario

298 604 463 637 Creditum
490 605 658 645 talentum,

247 652 310 685 Sed
336 652 398 685 hoc
422 653 544 693 sparsit
568 653 712 695 largiter,

244 699 382 733 Domino
408 701 534 733 utiliter

294 748 402 781 Lucra
429 748 537 781 ferens
565 752 708 790 centum3

205 821 213 829 .
249 796 303 829 Sic
328 797 442 838 Euge
470 797 663 830 dominicum

246 845 385 877 Audivit
409 849 440 877 et
467 846 621 877 caelicum

295 893 435 926 Intravit
462 897 664 926 conventum.

213 996 221 1004 .
248 969 414 1002 Praesulis
440 968 595 1011 officium,

246 1018 403 1052 curarum
429 1018 590 1058 negotium

294 1065 400 1098 Extra
424 1065 612 1106 peragebat,

247 1113 319 1145 Non
345 1116 453 1144 tamen
480 1112 700 1144 claustralium

241 1160 440 1193 Devotorum
468 1161 611 1192 studium

288 1209 380 1241 Intus
407 1207 588 1248 deserebat,

200 1281 207 1289 .
245 1256 310 1288 Sed
336 1265 396 1296 pro
421 1256 485 1288 Dei
511 1256 623 1296 populi

244 1303 348 1336 Causa
374 1313 470 1336 curae
495 1304 618 1336 saeculi

290 1352 406 1384 Totum
432 1352 651 1394 impendebat.

207 1455 214 1462 .
241 1430 296 1461 Ad
324 1429 463 1462 cubandi
490 1429 631 1470 requiem

243 1477 317 1510 Non
341 1477 471 1518 plumae
498 1477 667 1509 mollitiem

289 1526 437 1558 Antistes
463 1525 640 1566 quaerebat

241 1573 287 1606 Et
312 1574 606 1614 concupiscentiam

243 1619 358 1654 Carnis
384 1631 444 1662 per
472 1622 624 1654 duritiam

290 1669 446 1711 Sagorum
471 1669 652 1713 frangebat,

200 1744 207 1751 .
243 1718 290 1751 Ut
315 1718 429 1751 Helias
456 1718 598 1750 sobriam

241 1766 376 1806 Semper
402 1766 587 1798 alimoniam

289 1815 424 1847 Praesul
451 1814 648 1855 requirebat.

336 1932 380 1964 In
405 1931 642 1965 Laudibus.

384 1998 586 2035 Antiphonae.

205 2075 212 2083 .
241 2049 416 2082 Udalricus
441 2049 549 2081 omnia

289 2096 420 2138 Sprevit
445 2098 565 2129 mundo
591 2100 695 2138 grata,

240 2145 300 2178 Cui
324 2154 411 2178 nunc
434 2146 469 2178 in
495 2146 599 2187 gloria

288 2194 390 2227 Sedes
417 2197 466 2226 est
490 2196 617 2234 parata.

178 2279 185 2288 ·
204 2297 211 2305 .
238 2271 277 2304 In
304 2274 479 2312 conspectu
504 2271 635 2303 Domini

289 2319 444 2353 Gaudens
470 2320 628 2362 introivit,

238 2367 318 2401 Eius
342 2368 417 2409 quia
442 2368 566 2400 nomini

288 2416 466 2449 Laetanter
492 2416 638 2449 servivit.

817 115 956 151 87—

881 214 912 247 3.
939 212 1076 245 Sanctus
1101 214 1232 252 praesul
1257 212 1371 252 vigilat

987 260 1038 293 De
1063 260 1135 292 luce
1161 261 1202 292 ad
1230 260 1345 300 Deum,

940 307 1078 340 Satanas
1105 317 1176 339 cum
1203 308 1315 340 sibilat

990 355 1139 388 Callidus
1165 356 1197 388 in
1226 365 1309 390 eum.

884 444 916 476 4.
944 441 1103 474 Sacerdos
1129 442 1183 474 hic
1208 442 1337 474 Domini

991 489 1061 522 Deo
1084 490 1264 533 benedixit,

943 537 1081 570 Strenue
1106 538 1310 578 temptamini

991 586 1073 625 Quia
1100 586 1308 619 contradixit.

880 673 911 704 5.
939 671 1103 705 Laudavit
1125 672 1159 703 in
1184 675 1340 712 tympano

989 719 1140 752 Pontifex
1164 718 1271 752 fidelis

938 767 985 800 Et
1008 768 1138 800 chordis
1163 770 1195 799 et
1217 777 1338 809 organo

989 816 1160 849 Dominum
1190 816 1230 848 de
1257 816 1364 850 caelis.

1063 911 1109 939 Ad
1129 911 1317 939 Benedictus.

868 971 909 1004 A.
936 970 974 1003 In
1000 970 1114 1002 mortis
1141 970 1277 1010 caligine

940 1018 1099 1056 Visitasti,
1126 1017 1274 1060 Domine,

988 1065 1056 1097 Nos
1082 1073 1142 1105 per
1166 1067 1303 1097 mortem
1330 1065 1444 1106 crucis,

989 1113 1015 1145 Ο
1040 1113 1126 1155 Iesu,
1155 1111 1227 1144 fons
1253 1112 1346 1156 lucis,

939 1160 1087 1193 Udalrici
1112 1160 1234 1191 inclitis

936 1207 1093 1241 Precibus
1120 1210 1153 1239 et
1176 1207 1301 1239 meritis

986 1255 1087 1289 Omne
1113 1257 1227 1287 contra
1252 1256 1383 1287 noxium

986 1304 1092 1336 Vivax
1117 1303 1334 1344 patrocinium

1032 1351 1123 1384 Dans
1149 1351 1242 1383 nobis
1269 1351 1410 1385 caducis,

1057 1526 1135 1558 Per
1160 1525 1310 1558 Horas.

1082 1611 1128 1638 Ad
1150 1612 1289 1638 Primam.

864 1671 904 1705 A.
941 1670 1088 1703 Primum
1114 1670 1177 1701 iste
1202 1670 1340 1710 quaesiit

985 1718 1122 1750 Praesul
1148 1726 1280 1759 regnum
1306 1717 1380 1757 Dei,

937 1767 1060 1800 Laetus
1087 1775 1164 1808 ergo
1190 1766 1293 1799 subiit,

984 1815 1135 1855 Regnum
1160 1814 1296 1854 requiei.

1077 1910 1124 1937 Ad
1143 1910 1289 1938 Tertiam.

863 1971 904 2004 A.
938 1971 1029 2003 Hora
1055 1970 1149 2002 datus
1174 1970 1273 2001 tertia

985 2018 1126 2059 Spiritus
1151 2018 1184 2049 in
1211 2018 1286 2059 igne

937 2067 1069 2099 Honore
1095 2070 1128 2098 et
1150 2066 1255 2107 gloria

985 2115 1102 2155 Replet
1124 2115 1222 2146 istum
1249 2114 1355 2155 digne.

1082 2209 1129 2237 Ad
1150 2209 1281 2237 Sextam.

862 2271 904 2304 A.
940 2270 1004 2303 Pro
1029 2268 1274 2301 misericordiae

985 2317 1109 2349 Studiis
1135 2316 1255 2348 amicus

936 2365 994 2398 Fit
1018 2365 1161 2397 auctoris
1187 2365 1314 2405 gratiae

986 2413 1121 2445 Praesul
1148 2413 1335 2447 UdalricuS.
