1651 2700
704 145 963 180 —122—

186 244 218 277 3.
244 243 326 283 Ave,
354 244 408 284 qui
431 242 601 275 haereticis
872 244 905 276 4.
931 242 1011 285 Ave,
1038 241 1092 282 qui
1118 240 1272 272 ecclesiae

295 290 396 323 Sectis
422 290 615 331 adversariS,
978 289 1100 321 Multos
1125 288 1238 328 prodis
1263 285 1397 325 fruetus,

249 338 369 371 Contra
393 348 471 379 quas
497 337 662 369 catholicis
930 337 984 369 Ad
1010 337 1071 369 hoc
1097 336 1179 367 dono
1205 334 1328 375 gratiae

295 386 457 418 Doctrinis
482 385 628 424 armaris,
981 385 1010 417 A
1035 384 1105 416 Deo
1129 382 1315 424 conductus,

249 433 323 466 Non
349 434 469 465 subdar
491 432 641 465 fanaticis
932 432 1069 464 Satanae
1093 430 1255 470 nequitiae

294 481 431 513 Actibus
455 481 582 524 amaris,
977 479 1108 511 Fraude
1130 487 1199 510 sum
1224 477 1385 516 seductus,

247 528 312 561 Sed
339 529 512 568 coniungar
538 528 664 560 caelicis
932 527 1051 560 Contra
1076 527 1161 558 hunc
1184 526 1328 557 laetitiae

296 576 425 609 Civibus
450 576 637 615 praeclaris.
978 575 1046 607 Fac
1070 577 1106 606 ut
1130 572 1263 605 fundam
1289 573 1404 606 luctus

575 653 606 684 5.
635 654 714 691 Ave,
743 652 820 683 cleri
846 651 958 692 gloria,

679 699 771 731 Salus
796 698 962 736 laicorum,

631 747 678 778 Te
700 746 812 778 laudat
837 746 974 777 ecclesia

677 793 826 826 Carmine
851 796 1044 833 sanctorum,

628 841 689 883 Da,
717 843 753 871 ut
777 848 928 880 spernam
953 840 1049 872 noxia

677 887 799 919 Cuncta
825 887 975 919 vitiorum

629 934 672 966 Et
698 935 840 974 gaudens
866 935 907 966 ad
934 935 1053 974 gaudia

676 983 799 1013 Vadam
826 982 1026 1022 gaudiorum.

248 1049 274 1076 A
294 1049 344 1076 fol.
366 1047 418 1076 2b.

629 1140 675 1171 29.
702 1140 745 1170 De
766 1142 873 1171 sancto
894 1141 1028 1171 Andrea.

188 1221 220 1253 1.
246 1221 326 1257 Ave,
353 1228 371 1251 0
398 1222 507 1251 sancte
532 1220 672 1251 Andrea.
874 1221 904 1252 3.
932 1221 1011 1262 Ave,
1036 1221 1089 1260 qui
1116 1221 1206 1252 vadis
1231 1219 1348 1252 festine

290 1267 365 1298 Mea
394 1270 429 1299 tu
453 1265 580 1308 fiducia,
980 1268 1032 1300 Ad
1060 1268 1162 1299 crucis
1187 1268 1357 1309 supplicia,

244 1313 436 1347 Crucifixum
462 1314 501 1345 ab
528 1316 637 1354 Aegea
931 1316 1064 1347 Praesta
1089 1316 1212 1355 gratiae
1237 1316 1365 1348 divinae

291 1361 338 1393 Te
362 1361 474 1393 laudat
497 1362 632 1404 Achaia,
979 1363 1062 1394 Mihi
1088 1362 1255 1403 beneficia,

244 1409 372 1441 Assiste
395 1409 486 1450 mihi,
511 1409 596 1440 letea
933 1410 1020 1442 Stem
1047 1411 1193 1443 volenter
1218 1411 1288 1443 sine
1311 1410 1376 1442 fine

293 1456 339 1488 Ut
366 1456 499 1488 evadam
525 1457 599 1498 otia,
978 1458 1017 1490 Iu
1045 1458 1166 1491 Christi
1191 1459 1317 1499 militia,

246 1503 291 1535 Et
314 1502 430 1543 flagret
453 1512 580 1544 semper
603 1513 692 1536 mens
718 1513 789 1536 mea
932 1505 1031 1537 Nulla
1054 1505 1179 1538 fraudis
1205 1506 1379 1538 Sataninae

292 1551 346 1582 Ad
372 1551 486 1583 devota
512 1552 628 1584 studia.
980 1553 1037 1585 Me
1060 1554 1171 1586 laedat
1193 1554 1325 1587 malitia.

187 1628 220 1661 2.
246 1628 328 1669 Ave,
354 1628 406 1667 qui
433 1636 473 1659 ex
500 1629 596 1660 corde
622 1629 724 1660 crucis
873 1632 905 1662 4.
932 1630 1013 1673 Ave,
1041 1630 1144 1661 crucis
1168 1631 1238 1662 sine
1264 1640 1364 1669 mora,

293 1675 419 1714 Optasti
444 1676 662 1716 suspendium,
980 1677 1039 1717 Qui
1064 1678 1194 1709 scandis
1220 1678 1410 1721 patibulum,

246 1722 349 1755 Filius
372 1725 408 1753 ut
429 1721 502 1754 fiam
529 1723 619 1761 lueis,
931 1726 968 1758 In
994 1734 1055 1765 quo
1079 1725 1221 1757 biduana
1245 1726 1325 1758 hora

291 1770 416 1802 Praebe
440 1771 644 1812 adiutorium,
979 1773 1124 1806 Docuisti
1154 1774 1318 1814 populum,

244 1817 377 1850 Vineam
402 1821 457 1849 tua
481 1827 577 1857 prece
604 1819 693 1850 ducis
933 1821 988 1852 Me
1015 1821 1076 1853 duc
1099 1821 1140 1853 ad
1165 1822 1278 1853 salutis
1304 1821 1378 1854 fora

291 1864 508 1896 Tenebrarum
534 1866 686 1908 gladium,
977 1869 1042 1901 Per
1067 1878 1195 1900 murrae
1219 1868 1419 1911 fasciculum,

244 1912 344 1944 Tutus
371 1920 435 1954 ero,
462 1913 490 1943 si
517 1914 667 1945 conducis
932 1916 978 1948 Ut
1004 1917 1097 1948 detur
1122 1926 1142 1947 a
1166 1916 1246 1958 Deo,
1273 1926 1340 1957 ora,

291 1959 347 1991 Me
372 1960 412 1991 ad
438 1960 564 1999 palmae
588 1960 744 1995 bravium.
981 1964 1075 1995 Vitae
1099 1964 1178 1995 mihi
1204 1965 1344 2004 epulum.

577 2038 608 2069 5.
633 2039 713 2077 Ave,
739 2039 793 2078 qui
818 2039 920 2070 crucis
946 2044 1078 2079 tropaeo

679 2086 823 2126 Iungeris
849 2087 1051 2128 caelestibuS,

630 2133 798 2165 Peccatori
822 2134 902 2166 mihi
928 2143 982 2166 reo

677 2181 754 2213 Tuis
780 2182 861 2213 assis
886 2182 1047 2222 precibus.

629 2229 712 2260 Asta
736 2231 865 2268 praesto
891 2229 947 2261 fini
972 2239 1042 2262 meo

679 2276 758 2309 Cum
780 2278 929 2318 supernis
954 2278 1086 2321 civibus,

630 2324 707 2356 Post
730 2327 864 2356 mortem
889 2334 1018 2366 regnem
1044 2335 1114 2358 cum
1140 2327 1209 2359 Deo

681 2374 831 2405 Aeternis
857 2374 1064 2414 temporibus,

248 2438 275 2465 A
294 2439 344 2466 fol.
365 2437 436 2466 7812.
459 2454 494 2458 —
516 2439 570 2466 Cfr.
596 2439 686 2466 Anal.
710 2440 764 2473 III,
788 2437 851 2467 181.
