1651 2700
721 144 979 179 -128—

623 234 669 266 38.
712 235 754 267 De
774 238 883 269 sancta
904 237 1074 270 christina..

207 302 235 334 1.
261 303 342 342 Ave,
372 303 447 335 Sion
472 303 549 344 filia,

311 350 409 383 Sacra
434 360 451 383 0
478 351 650 395 Christina,

262 398 340 430 Orta
367 398 407 430 de
431 398 584 432 barbaria

313 446 355 479 Ut
379 455 453 478 rosa
477 447 516 478 de
541 448 645 490 spina,

261 493 377 533 Spreta
400 494 551 526 idolatria

306 540 355 572 De
381 542 490 573 mundi
513 543 639 575 sentina

262 588 382 629 Surgis,
410 589 521 622 horres
548 591 663 632 omnia,

311 636 407 668 Volas
433 638 474 669 ad
502 637 619 672 divina.

890 311 921 342 3,
947 311 1028 352 Ave,
1055 319 1140 343 meos
1167 312 1291 353 corrige

996 358 1122 401 Sensus,
1151 368 1168 391 o
1194 363 1331 401 sacrata,

948 406 1001 437 Ad
1023 405 1127 438 Deum
1152 416 1202 438 me
1230 408 1332 448 dirige

995 453 1019 486 O
1047 454 1238 493 desiderata,

944 501 997 533 Ad
1026 502 1156 534 virtutes
1183 503 1269 542 erige

993 548 1061 580 Tua
1086 558 1181 589 prece
1207 553 1308 591 grata,

947 595 1023 628 Cum
1050 597 1151 628 salute
1177 598 1307 638 porrige

992 642 1118 676 Gaudia
1145 645 1249 678 beata.

199 713 229 744 2.
257 712 337 751 Ave,
365 721 415 744 me
441 711 493 745 fac
519 714 654 758 vincere,

303 760 389 798 Quae
412 762 446 791 tu
471 763 640 801 superasti,

256 805 395 837 Fluxum
422 808 526 839 carnis
551 811 690 853 tenerae,

304 854 402 892 Quem
428 857 462 885 tu
489 856 668 898 exsiccasti,

253 899 407 933 Mundum
435 902 477 933 da
501 907 712 944 contemnere,

303 948 399 986 Quem
426 951 460 980 tu
486 951 689 991 conculcasti,

257 995 407 1028 Satanam
433 996 627 1030 confundere

301 1043 361 1083 Da,
389 1052 478 1083 quem
507 1044 695 1081 exsufflasti.

884 720 916 750 4.
944 719 1025 760 Ave,
1053 720 1142 760 virgo
1167 730 1307 761 propere

989 767 1080 808 Veni,
1107 777 1124 799 0
1151 768 1278 809 decora,

940 814 1032 854 Veni,
1060 816 1132 847 veni
1160 825 1326 859 prospere,

989 861 1097 901 Rupta
1121 864 1193 895 veni
1218 873 1318 904 mora,

941 908 1022 940 Veni
1048 913 1089 948 et,
1117 919 1136 942 a
1160 911 1282 943 scelere

990 956 1035 989 Ut
1059 957 1219 1001 absolvar,
1246 968 1312 1000 ora,

942 1003 1077 1036 Custodi
1102 1014 1304 1046 summopere

988 1051 1043 1083 Me
1068 1053 1100 1083 in
1126 1054 1238 1085 mortis
1264 1054 1352 1086 hora.

580 1123 610 1154 5.
637 1124 717 1166 Ave,
742 1122 913 1157 infernalia

686 1171 773 1203 Mala
798 1181 848 1203 me
873 1174 975 1206 vitare

636 1218 681 1249 Et
704 1221 862 1251 tormenta
886 1221 952 1253 alia

683 1266 760 1297 luva
787 1267 958 1312 declinare,

635 1313 688 1344 Ad
714 1314 872 1347 caelorum
897 1317 1015 1357 gaudia

684 1359 797 1392 Statim
824 1363 952 1396 evolare

635 1407 690 1439 Me
715 1406 767 1439 fac
793 1413 825 1442 et
849 1410 882 1442 iu
908 1412 1012 1452 gloria

683 1454 760 1487 Cum
792 1457 920 1491 Christo
947 1469 1091 1501 regnare.

254 1513 279 1540 A
301 1513 350 1541 fol¹
392 1513 445 1542 Ob.
466 1531 503 1535 —
524 1517 590 1553 vgl.
613 1519 696 1547 Anal.
719 1521 772 1555 111,
796 1520 857 1550 194.

595 1611 641 1643 39.
682 1614 725 1645 De
746 1617 851 1647 sancto
875 1617 1072 1651 colomanno.

191 1675 220 1707 1.
246 1676 327 1718 Ave,
352 1678 413 1710 Dei
439 1681 551 1722 gratia,
875 1689 905 1722 3.
932 1689 1012 1732 Ave,
1040 1691 1094 1730 qui
1119 1693 1294 1732 opprobria

296 1725 488 1759 Colomanne
514 1738 596 1770 care,

246 1771 383 1805 Exsulas
410 1775 450 1806 de
474 1775 592 1818 Scotia,

297 1819 455 1853 Transeas
480 1827 516 1855 ut
539 1833 638 1862 mare,

246 1865 400 1899 Precatus
424 1869 579 1904 instantia

293 1913 435 1954 Dignare
458 1917 569 1950 iuvare

248 1960 312 2000 Me,
338 1965 373 1993 ut
398 1965 509 1996 mundi
534 1968 635 1999 maria

294 2008 418 2042 Possim
443 2014 653 2047 transmeare.

210 2108 217 2115 .
243 2084 327 2124 Ave,
355 2087 601 2127 malignantibus

290 2132 336 2164 Es
362 2135 416 2174 qui
440 2137 563 2175 praeda
587 2136 704 2181 factus,

243 2180 435 2214 Innocenter
458 2184 574 2216 ictibus

291 2228 460 2270 Virgarum
493 2231 685 2277 confractus,

243 2275 280 2306 In
305 2278 414 2309 multis
440 2280 612 2322 erroribus,

290 2323 371 2367 Heu,
400 2335 471 2359 cum
495 2328 555 2360 sim
582 2330 754 2364 distractus

241 2369 368 2404 Sanctis
392 2374 454 2406 tuis
479 2377 630 2415 precibus

289 2419 434 2453 Revocer
459 2424 602 2460 adactus.

757 2359 765 2374 9

980 1737 1062 1769 Fers
1088 1742 1121 1770 et
1144 1741 1243 1773 verba
1269 1742 1360 1784 dura,

933 1785 1074 1817 Vulnera
1103 1791 1135 1819 et
1159 1789 1263 1830 iurgia

980 1833 1217 1877 Tormentaque
1241 1838 1346 1881 plura,

933 1880 1010 1912 Cum
1036 1885 1279 1921 perseverantia

981 1928 1115 1968 Semper
1140 1931 1295 1964 duratura

933 1974 1014 2006 Mihi
1040 1974 1090 2008 fer
1114 1979 1280 2017 praesidia

979 2023 1099 2056 Contra
1124 2026 1238 2066 culpae
1263 2027 1343 2062 iura.

870 2097 903 2128 4.
929 2098 1012 2139 Ave,
1040 2101 1092 2139 qui
1117 2102 1296 2141 patibulum

977 2146 1078 2179 Dirae
1099 2149 1187 2182 subis
1215 2153 1329 2194 cruciS,

928 2194 1090 2227 Faucibus
1114 2200 1151 2229 ut
1176 2200 1304 2240 epulum

976 2241 1053 2274 Fias
1079 2246 1166 2277 corvi
1192 2248 1303 2288 trucis,

928 2289 1068 2332 Adiuva,
1097 2301 1139 2324 ne
1163 2294 1317 2334 pabulum

975 2338 1067 2370 Fiam
1093 2342 1206 2373 mortis
1233 2343 1334 2386 ducis,

929 2383 994 2417 Sed
1018 2395 1078 2426 per
1102 2397 1194 2421 omne
1219 2393 1382 2425 saeculum

978 2433 1044 2466 Sim
1068 2435 1102 2467 in
1126 2445 1225 2478 regno
1250 2440 1341 2475 lucis.
