1651 2700
158 226 198 260 V.
233 227 360 261 Herbas
385 230 474 263 iubet
499 233 624 272 spurias

232 276 427 318 Urticasque
451 280 564 312 noxias

281 323 395 356 Statim
420 328 602 367 exstirpari.

170 391 202 423 3.
228 389 464 432 Impugnabant
487 396 666 433 praesulem

231 437 315 470 Suae
339 441 434 472 sortis
461 442 601 474 exsulem

279 485 422 519 carnalis
447 488 591 528 lanistae,

229 533 288 571 Qui
314 535 446 566 caudam
474 545 541 567 cum
570 538 674 571 hostia

229 580 336 612 Finali
363 584 540 615 constantia

277 628 375 660 Offert
400 630 469 670 tibi,
497 631 632 663 Christe.

154 673 192 705 V.
227 674 338 707 Noluit
364 677 499 708 incestui

224 722 358 754 Placere
382 724 439 756 sed
463 725 563 756 iussui

271 769 339 801 Tuo
364 772 492 810 praesul
516 772 588 807 iste,

164 836 196 867 4.
225 834 315 866 Sicut
338 836 444 869 David
470 837 569 869 filium

225 881 302 914 Cum
328 883 458 916 incursu
482 885 618 917 hostium

269 929 367 971 Fugit
391 932 548 975 eiulando,

222 977 413 1010 Altmannus
435 980 482 1011 sic
506 979 581 1012 filiis

229 1023 332 1056 Cessit
355 1026 548 1059 adversariis

272 1073 335 1104 Pro
360 1073 410 1104 his
434 1074 655 1116 lamentand03

151 1117 191 1150 V.
224 1118 334 1158 Papae
358 1121 440 1159 petit
465 1122 583 1153 curiam

225 1166 430 1199 Praesulatus
456 1169 588 1208 gloriam

276 1213 329 1246 llli
355 1215 557 1255 resignando,

284 1309 330 1340 In
357 1309 388 1343 3.
416 1309 645 1346 NocturnO.

366 1374 415 1401 Ad
436 1373 567 1403 Cantica.

149 1430 192 1463 A.
226 1431 373 1473 Hmnis,
401 1434 541 1478 psalmis,
570 1436 702 1469 canticis

272 1478 443 1512 Celebrare
467 1481 551 1514 festa

222 1527 389 1558 Altmauni
413 1528 573 1568 pontificis

270 1574 382 1618 NobiS,
409 1576 492 1617 Iesu,
518 1581 656 1617 praesta.

360 1670 569 1706 Responsoria.

164 1725 196 1758 1.
224 1726 340 1758 'volatu
364 1729 534 1768 praecipiti

222 1774 389 1806 Altmanni
413 1779 449 1807 ut
474 1777 569 1816 capiti

273 1821 426 1854 Columba
450 1824 579 1867 insedit,

223 1868 296 1900 Viso
322 1870 411 1910 signo
434 1872 557 1910 gratiae

219 1917 404 1948 Praesulem
426 1918 581 1951 Pataviae

268 1964 378 2005 Ipsum
398 1974 483 2005 papa
509 1967 617 2009 dedit3

147 2011 187 2043 V.
221 2011 271 2044 De
296 2012 440 2045 Romana
463 2015 551 2046 curia

221 2059 413 2092 Altmannus
439 2070 507 2093 cum
534 2062 636 2102 gloria

267 2106 434 2140 Gratiosus
459 2110 554 2144 redit.

161 2175 191 2206 2.
219 2174 368 2206 Marthae
392 2176 570 2209 ministeria

217 2221 345 2254 Salubri
369 2224 529 2256 industria

265 2271 399 2303 Praesul
425 2272 608 2315 exhibebat,

215 2317 340 2350 Mariae
367 2320 512 2352 convivia

215 2365 331 2399 Cordis
357 2376 426 2398 cum
453 2368 578 2401 laetitia

264 2415 385 2454 Iugiter
408 2416 566 2457 habebat;

790 139 931 175 46—

844 237 882 270 V.
918 239 995 272 Cum
1021 240 1129 279 priore
1153 241 1267 281 vigilat

962 286 1063 318 Felici
1088 287 1208 324 labore,

915 333 990 366 Cum
1017 336 1158 367 secunda
1180 335 1296 367 iubilat

961 382 1099 415 Caelesti
1124 392 1241 415 amore.

853 475 884 510 3.
910 477 1006 517 Aqua
1031 478 1106 509 dum
1131 478 1314 519 adponitur,

910 524 947 555 In
973 525 1081 557 vinum
1107 527 1304 558 convertitur

959 572 1120 605 Praesulis
1145 573 1179 605 iu
1204 582 1332 614 mensa;

912 619 950 651 In
975 622 1138 660 stuporem
1165 622 1300 653 vertitur

909 666 1018 706 Plebs,
1045 670 1077 699 et
1100 677 1163 700 vox
1189 670 1351 701 attollitur

958 715 1035 747 Cum
1060 715 1157 747 laude
1182 716 1352 756 immensa3

837 760 880 792 V.
914 761 1011 801 Ecce,
1039 763 1201 795 mirabilia

953 807 1077 841 Vetera
1102 814 1270 852 novantur,

904 855 945 887 In
970 857 1037 888 vini
1061 858 1182 889 solacia

953 903 1066 943 Aquae
1090 908 1323 945 permutantur.

847 998 879 1029 4.
906 996 1047 1038 Septena
1072 1000 1234 1032 immersio

907 1045 944 1077 In
970 1046 1118 1078 Iordanis
1140 1046 1237 1080 fluvio

954 1093 1100 1126 Naaman
1125 1096 1301 1138 mundavit,

907 1140 1071 1173 Praesulis
1097 1142 1218 1174 ablutio

906 1186 1071 1220 Feminam
1097 1198 1117 1221 a
1141 1190 1219 1222 vitio

953 1235 1081 1275 Leprae
1107 1237 1304 1279 delepravit3

834 1281 874 1315 V.
905 1281 1025 1315 Mirum
1050 1284 1131 1315 miro
1153 1285 1312 1326 iungitur:

957 1331 1069 1362 Puella
1092 1332 1222 1371 leprosa

909 1378 1065 1417 Sospitati
1090 1380 1239 1412 redditur

955 1424 1047 1457 Sorte
1072 1427 1221 1466 gratiosa.

998 1619 1045 1650 In
1071 1619 1302 1655 Laudibus.

1048 1723 1244 1759 Antiphonae.

849 1798 879 1830 1.
907 1798 1057 1831 Sanctum
1082 1801 1178 1833 istum
1202 1803 1307 1836 induit

952 1846 1108 1880 Dominus
1133 1850 1258 1890 decore,

907 1893 965 1926 Cui
989 1899 1116 1935 partam
1142 1898 1257 1930 tribuit

952 1941 1068 1974 Sedem
1093 1945 1125 1975 in
1150 1945 1281 1979 honore.

849 2038 880 2069 2.
908 2037 1024 2070 Cordis
1048 2039 1082 2070 in
1107 2040 1232 2073 laetitia

949 2085 1086 2119 Domino
1112 2089 1255 2124 servivit.

906 2133 1001 2165 Cuius
1027 2135 1154 2174 quidem
1178 2139 1261 2177 gaud
1281 2147 1301 2170 a

949 2181 1069 2213 Laetus
1095 2183 1249 2219 introivit.

849 2277 880 2310 3.
906 2277 986 2317 Tua,
1015 2277 1152 2320 Christe,
1181 2280 1316 2316 dextera

949 2326 1159 2359 Altmannum
1183 2332 1326 2371 suscepit

902 2374 1009 2413 Atque
1034 2384 1132 2415 super
1159 2377 1292 2411 aethera

950 2422 1099 2463 Regnare
1122 2427 1299 2466 praecepit.
