1651 2700
223 265 230 272 .
257 240 420 281 Martyres
444 241 486 273 ad
512 240 610 275 fortia

304 289 398 321 Bella
423 289 554 321 animati

259 335 363 368 Felici
388 337 523 369 victoria

305 383 455 417 Gaudent
481 385 634 418 decorati.

223 475 230 482 .
256 451 482 483 Blandimenta
507 452 602 484 noxia

307 499 367 531 Isti
393 502 628 531 contemnentes

260 545 474 586 Supernorum
501 546 617 586 gaudia

304 594 472 626 Merentur
495 595 680 634 gaudentes,

228 687 233 694 .
261 661 375 693 Carnis
399 669 459 700 per
481 661 645 692 interitum

303 708 347 740 Hi
372 708 498 747 quando
523 708 717 748 plectuntur,

257 755 428 787 Beatorum
454 755 603 786 meritum

304 801 409 842 Digne
435 805 681 841 consequuntur.

225 896 230 901 .
257 867 344 900 Deus
370 868 452 899 stola
477 868 599 907 gloriae

301 915 464 955 Martyres
491 915 631 958 decorat,

259 963 367 995 Pascit
389 963 422 994 in
443 963 589 1002 meridie,

306 1010 461 1042 Praemiis
488 1013 628 1044 coronat.

398 1122 607 1158 Responsoria.

225 1216 232 1223 .
258 1190 381 1232 Regina
405 1193 546 1222 aromata

257 1238 371 1270 Austri
396 1241 428 1269 et
453 1238 646 1270 charismata

305 1284 421 1318 Defert
445 1285 551 1317 Salem
574 1286 651 1326 regi,

260 1333 342 1365 Dum
368 1336 470 1364 mater
496 1333 631 1364 ecclesia

260 1381 442 1421 Martyrum
466 1382 515 1411 tot
539 1380 627 1411 milia

309 1428 429 1460 Christi
454 1427 564 1459 subdit
589 1428 663 1467 legi,

220 1501 227 1508 .
262 1475 381 1514 Quibus
407 1475 553 1508 Christus
579 1475 645 1506 vita
668 1474 768 1507 vitam

260 1523 325 1556 Sua
349 1525 452 1554 morte
478 1522 535 1554 dat
560 1522 711 1562 cupitam.

226 1618 231 1623 .
261 1589 315 1621 Sol
341 1589 486 1621 caelestis
511 1589 636 1628 patriae

259 1637 380 1669 Lumen
406 1645 558 1676 spargens
584 1636 706 1676 gratiae

307 1686 431 1717 Aureos
455 1684 489 1715 in
516 1684 645 1724 clipeos,

258 1732 412 1764 Dominus
438 1732 495 1763 hos
520 1731 637 1762 milites

261 1780 344 1812 Fide
369 1778 447 1811 fecit
473 1779 587 1811 divites

308 1827 354 1859 Et
378 1835 491 1858 cruore
514 1835 633 1858 roseos.

221 1901 228 1908 .
262 1874 432 1907 Fortitudo
458 1874 597 1915 gentium

309 1924 394 1955 Vere
420 1922 604 1962 dissipatur,

259 1972 379 2004 Vertex
404 1978 463 2010 per
487 1970 545 2001 hos
570 1969 724 2001 montium

309 2018 394 2050 Dum
418 2017 625 2049 illuminatur.

229 2111 236 2119 .
264 2086 407 2125 Quinque
433 2093 524 2124 reges
549 2084 690 2124 gentium

310 2132 472 2166 Substrati
498 2131 556 2163 sub
582 2131 719 2171 pedibus

358 2180 497 2213 Gemunt
521 2179 754 2220 Hebraeorum,

265 2228 416 2261 Gaudent
439 2226 712 2268 Euphratensium

308 2277 411 2310 Victis
436 2276 491 2308 isti
516 2275 644 2316 regibus

357 2324 400 2357 Et
427 2324 685 2363 Cadarenorum3

224 2400 230 2407 .
266 2372 344 2406 Illos
371 2381 450 2405 crux
475 2372 672 2412 praedonum
697 2370 800 2411 punit,

263 2421 332 2453 Hos
351 2420 478 2453 Christo
503 2429 581 2451 crux
601 2419 722 2452 Christi
737 2418 817 2451 unit.

816 147 863 182 42

882 245 915 277 4.
942 244 1048 284 Opere
1072 244 1263 285 laudabiles,

943 291 1062 323 Merito
1087 291 1252 324 mirabiles

990 339 1050 371 Isti
1074 339 1258 380 bellatores,

940 386 1012 419 Non
1037 387 1136 419 armis
1161 387 1218 419 sed
1244 387 1357 419 animis

941 434 1064 466 Dantes
1086 434 1192 466 lumen
1218 435 1373 475 proximis

989 482 1183 514 Redduntur
1208 482 1366 521 victores;

902 555 910 563 .
942 530 981 562 In
1006 529 1153 569 vaginam
1179 530 1321 570 gladium

990 576 1086 609 Suum
1111 581 1148 608 ut
1171 578 1338 618 miserunt,

940 624 995 656 Ad
1021 624 1159 655 caeleste
1185 624 1329 656 bravium

988 671 1073 703 Fide
1097 675 1324 711 pervenerunt.

1019 786 1065 817 In
1090 787 1121 819 3.
1145 786 1379 818 Nocturno.

1084 861 1131 888 Ad
1152 861 1283 889 Cantica.

902 945 909 953 .
944 919 1092 959 Augetur
1116 919 1240 951 laetitia

988 967 1027 999 In
1051 975 1149 1006 regno
1177 967 1336 999 caelorum

939 1015 1078 1047 Istorum
1103 1015 1288 1054 praesentia

988 1062 1168 1102 Martyrum
1196 1065 1389 1095 sanctorum.

1079 1166 1289 1202 Responsoria.

909 1260 917 1267 .
950 1233 1073 1266 Milites
1100 1233 1300 1274 principibus

942 1281 1006 1313 Pro
1034 1280 1160 1313 Christo
1186 1280 1347 1313 ferocibus

991 1328 1124 1368 Quando
1150 1332 1408 1370 praesentantur,

945 1376 1069 1416 Singuli
1093 1376 1127 1408 in
1151 1377 1286 1417 singulis

944 1423 1104 1463 Suspendi
1130 1424 1284 1463 patibulis

993 1470 1103 1503 Crucis
1126 1472 1328 1512 iudicantur;

904 1543 912 1552 .
947 1517 1099 1550 Gemmae
1126 1519 1242 1551 dantur
1266 1520 1387 1561 suibus,

942 1566 1025 1599 Oves
1047 1566 1142 1607 lupis,
1167 1567 1311 1605 canibus,

992 1614 1074 1654 Heu,
1101 1618 1212 1646 sancta
1235 1615 1406 1649 iactantur.

909 1709 916 1715 .
943 1680 1052 1713 Sancti
1078 1690 1147 1713 cum
1172 1681 1412 1726 lapidabantur,

942 1728 980 1760 In
1006 1737 1063 1760 ora
1087 1729 1332 1761 revertebantur

992 1775 1078 1808 Saxa
1102 1776 1326 1819 lapidantium,

944 1823 1015 1862 Sic,
1043 1824 1118 1856 dum
1145 1824 1241 1865 virgis
1267 1825 1499 1868 caedebantur,

942 1870 1116 1904 Arefactae
1141 1872 1345 1904 siccabantur

991 1919 1107 1951 Manus
1132 1918 1381 1961 flagellantium3

904 1992 911 2000 .
946 1967 1030 2000 Illuc
1054 1968 1150 2008 digne
1174 1971 1381 2001 revertuntur

944 2014 1089 2053 Fluctus,
1118 2015 1203 2047 unde
1228 2020 1385 2051 oriuntur.

913 2109 920 2116 .
946 2083 1016 2115 Ista
1039 2091 1118 2114 vasa
1143 2091 1241 2115 aurea

945 2130 984 2162 In
1010 2128 1142 2162 fornace
1165 2128 1272 2162 ferrea

993 2178 1124 2210 Plenius
1150 2178 1286 2217 probata

945 2225 1064 2257 Delata
1089 2228 1164 2257 sunt
1188 2227 1296 2258 omnia

947 2274 1001 2306 Ad
1026 2274 1094 2313 poli
1117 2274 1272 2314 convivia,

948 2322 1015 2356 Ubi
1040 2321 1109 2353 sine
1132 2323 1270 2354 termino

949 2369 1103 2403 Obtincnt
1127 2379 1198 2402 eum
1224 2370 1362 2403 Domino

998 2417 1124 2450 Gaudia
1149 2421 1280 2460 optata,
