1651 2700
700 140 961 176 —159—

548 235 602 267 13.
630 235 710 277 Ave,
737 237 849 277 stirpis
875 239 983 280 regiae

677 283 791 317 Dulcis
815 286 1021 328 Magdalena,

629 331 812 365 Illustravit
837 334 962 374 gratiae

676 379 723 411 Te
750 380 880 413 divinae
908 391 999 423 vena,

628 427 703 466 Ora,
730 437 771 459 ne
796 430 958 469 nequitiae

675 474 731 506 Me
756 476 836 517 liget
860 477 994 519 habena,

632 522 696 554 Sed
724 524 766 555 da
793 525 873 556 caeli
900 527 1009 558 euriae

675 570 802 603 Gaudia
828 582 972 606 amoena.

237 631 264 659 A
284 631 335 659 fol.
359 631 408 661 lb.
433 648 470 652 —
490 635 583 663 Diese
606 634 640 664 13
660 637 822 674 Stropheu,
852 639 900 667 die
927 640 992 669 hier
1020 645 1107 670 unter
1134 645 1215 672 einer
1236 645 1287 673 Nr.
1310 654 1492 674 zusammen-

163 668 274 704 gefassi:
302 671 383 706 sind,
414 673 588 702 ersoheinen
614 676 647 702 in
674 676 726 703 der
745 676 799 705 Hs.
825 678 869 705 als
891 679 1079 708 ebensoviele
1098 681 1206 710 Lieder
1228 685 1284 711 mit
1304 684 1355 712 der
1374 685 1492 712 Rubrik

164 708 233 743 „Ad
253 712 424 738 sanctam
446 710 742 742 Scholasticam“
766 718 820 744 etc.

707 818 754 850 88.
795 819 946 852 Threnus.

176 891 206 925 1.
236 888 311 935 Cor,
339 896 495 927 maeroris
521 897 641 938 nubilo,
872 903 902 934 5.
931 899 1055 935 Turtur
1080 905 1161 937 vitat
1185 906 1314 938 noxium

280 941 352 980 Die,
381 951 437 974 our
462 943 690 978 obumbraris?
975 951 1093 983 Avium
1125 957 1325 994 conventum,

233 988 352 1021 Gaudii
378 999 434 1022 our
458 991 559 1025 iubilo
929 998 1056 1040 Pauper
1080 1000 1127 1031 ita
1151 1001 1293 1041 gladium

282 1037 379 1069 Nullo
408 1039 605 1072 delectaris?
974 1046 1072 1086 Regis
1097 1048 1281 1093 violentum,

232 1084 319 1116 Proh
348 1086 450 1124 dolor,
477 1087 511 1118 in
538 1089 638 1121 nihilo
926 1092 1034 1126 David
1061 1094 1167 1127 Saulis
1194 1097 1300 1128 odium

277 1132 346 1164 Iam
371 1143 457 1165 nune
484 1136 669 1180 consolaris,
974 1141 1074 1182 Fugit
1097 1143 1303 1189 virulentum,

229 1179 293 1211 Sed
320 1179 442 1221 frigens
467 1187 503 1214 ut
529 1184 647 1224 aquilo,
925 1189 1014 1229 Ergo
1039 1194 1185 1230 pungant
1209 1191 1343 1232 impium

279 1227 361 1268 Heu,
389 1229 459 1272 heu,
490 1231 658 1266 desolaris.
975 1236 1101 1269 Poenae
1121 1239 1210 1270 mille
1233 1243 1370 1274 centum.

170 1295 201 1327 2.
229 1291 329 1328 Risus
356 1305 414 1328 cur
438 1307 490 1329 me
516 1297 645 1344 fugerit,
867 1305 886 1337 6
925 1301 1037 1338 Ardor
1062 1306 1303 1347 eastrimargiae

277 1344 312 1377 Si
339 1345 410 1384 quis
437 1346 527 1387 cupit
551 1347 645 1390 seire,
972 1352 1003 1384 A
1030 1354 1154 1385 cunctis
1180 1358 1315 1396 amatur,

229 1391 280 1423 Ex
307 1393 462 1426 moderno
487 1396 608 1434 poterit
925 1400 1034 1433 Omnis
1062 1401 1156 1434 homo
1184 1404 1273 1435 varie

277 1439 349 1472 Hoc
374 1444 462 1473 statu
488 1444 628 1484 sentire3
971 1449 1040 1480 lam
1066 1458 1126 1489 per
1150 1450 1234 1483 hanc
1259 1452 1417 1494 hamatur,

227 1488 341 1529 Agnus
363 1489 474 1529 lupum
499 1492 629 1532 peperit
923 1497 1040 1529 Omnes
1067 1498 1177 1539 crassi,
1204 1500 1306 1531 macie

278 1535 453 1570 Conantem
480 1540 614 1583 saevire,
970 1545 1087 1577 Nullus
1113 1546 1280 1589 gloriatur,

230 1583 331 1616 Omne
356 1585 471 1618 bonum
499 1590 667 1634 praeterit,
921 1592 1002 1624 Nam
1030 1594 1099 1625 laus
1127 1596 1345 1634 parcimoniae

276 1632 398 1664 Malum
427 1633 507 1668 furit
535 1636 614 1669 dire.
970 1640 1136 1681 Nusquam
1166 1644 1384 1682 praedicatur.

173 1699 203 1732 3.
234 1696 292 1733 Ius
319 1702 425 1741 cessit,
453 1703 505 1735 lex
534 1705 664 1748 corruit,
867 1709 897 1740 7.
924 1705 1054 1741 Nullum
1082 1708 1262 1755 fornicatio,

276 1748 359 1790 Heu,
387 1751 426 1782 ad
455 1751 531 1791 quid
559 1761 628 1783 sum
655 1754 772 1786 natus?
971 1756 1056 1789 Proh
1078 1756 1181 1800 nefas,
1209 1760 1362 1804 excludit,

229 1796 303 1829 Pios
330 1800 451 1830 tantum
479 1799 588 1832 obruit
919 1804 999 1845 Rex,
1027 1806 1129 1845 plebs,
1157 1808 1260 1839 omnis
1286 1809 1374 1842 natio

273 1844 391 1878 Fallax
417 1848 526 1880 mundi
551 1852 665 1891 status,
968 1852 1108 1886 Studens
1133 1855 1166 1886 in
1193 1856 1254 1888 hac
1281 1857 1375 1898 ludit,

225 1892 302 1925 Saul
328 1894 451 1927 Neroni
478 1898 626 1937 congruit
918 1901 963 1933 Et
987 1911 1081 1934 sacra
1107 1904 1220 1944 religio

270 1941 315 1974 Et
340 1943 442 1975 Iudae
466 1944 603 1987 Pilatus,
965 1950 1028 1982 Per
1055 1951 1139 1983 hane
1163 1961 1199 1984 se
1225 1952 1381 1996 confudit,

221 1990 330 2023 Pietas
358 1990 518 2033 defloruit,
917 1998 1000 2041 Heu,
1028 2009 1110 2039 quae
1134 2002 1248 2042 nescit,
1275 2003 1359 2035 ratio

265 2039 389 2080 Floret,
416 2041 510 2083 proh,
536 2045 655 2076 reatus,
966 2048 1111 2081 Plurima
1136 2050 1312 2085 concludit.

159 2110 194 2140 4.
224 2103 331 2147 Supra
355 2109 468 2141 mundi
494 2109 587 2142 doleo
857 2114 887 2148 8.
916 2110 1078 2148 Ueritatis
1104 2118 1284 2156 praemium

267 2155 392 2188 Statum
418 2160 485 2189 tam
512 2158 665 2201 virosum,
962 2164 1033 2196 Iam
1058 2165 1166 2197 nullus
1192 2166 1344 2208 advertit,

220 2203 255 2236 ln
282 2214 344 2245 quo
370 2206 458 2245 patri
484 2206 579 2239 video
915 2211 1026 2244 Omnis
1052 2213 1095 2245 ad
1122 2214 1325 2246 mendacium

262 2252 382 2285 Filium
407 2263 549 2298 exosum,
962 2259 1066 2292 Homo
1093 2270 1129 2293 se
1155 2263 1325 2304 convertit,

212 2301 393 2342 Exemplar
417 2303 471 2335 hic
495 2304 599 2337 habeo
913 2306 977 2340 Sed
1004 2309 1059 2349 qui
1084 2318 1143 2349 per
1168 2310 1230 2342 hoe
1254 2311 1369 2343 vitium

260 2350 423 2383 Herodem
452 2352 608 2395 dolosum,
960 2356 1002 2389 Se
1026 2366 1046 2389 a
1070 2356 1140 2390 Deo
1167 2359 1273 2403 vertit,

212 2397 330 2430 Vivere
356 2399 392 2432 fit
415 2400 490 2433 ideo
910 2404 1014 2437 Huius
1040 2405 1082 2438 ad
1108 2408 1303 2447 supplicium

261 2446 359 2480 Iustis
384 2457 565 2484 onerosum.
959 2454 1067 2486 Poena
1092 2465 1255 2497 nunquam
1281 2457 1399 2493 stertit.
