1651 2700
174 236 206 270 3.
233 237 316 280 Ave,
343 239 444 281 virgo,
471 242 591 276 liberas

281 286 367 319 Bina
391 297 450 321 ave
476 294 596 336 natum,

232 333 333 373 Quem
358 336 491 377 gignens
516 348 710 381 conceperas

278 381 412 416 Nullum
437 394 497 425 pei
522 392 701 434 peccatum,

228 429 348 463 Preces
374 441 432 472 per
457 432 644 470 fructiferas

276 479 344 519 Ipsi
371 479 425 513 fac
449 491 501 514 me
526 488 662 527 gratum,

225 525 347 560 Libera
369 537 429 568 per
452 531 588 564 miseras

276 574 394 616 Culpas
418 586 469 609 me
495 579 637 619 ligatum.

522 660 551 690 5.
580 659 660 703 Ave,
686 661 771 706 Iesu
799 663 865 698 filia

697 156 956 191 —113—

865 256 896 286 4.
923 256 1003 300 Ave,
1030 257 1113 300 Iesu,
1140 263 1283 302 gerulum

974 282 1086 338 Senem
1113 309 1188 348 quia
1213 312 1308 352 geris,

923 351 983 391 Qui
1008 354 1084 386 tulit
1108 359 1141 387 te
1166 360 1335 397 parvulum

967 399 1116 434 Brachiis
1142 405 1287 448 sinceris,

921 446 1018 481 Salva
1043 453 1132 483 tuum
1158 455 1320 488 servulum

966 496 1022 528 Me
1046 507 1066 530 a
1089 499 1188 534 larvis
1215 501 1306 547 feris,

917 542 986 575 Nec
1011 553 1062 577 me
1086 549 1199 581 mortis
1222 551 1385 587 vinculum

963 591 1074 626 Saevis
1101 595 1232 629 claudat
1255 600 1346 634 seris.

626 709 722 742 Anna
746 711 930 756 Phanuelis,

579 755 642 796 En,
669 760 724 790 tua
748 764 925 799 praeconia

625 803 786 839 Decantat
809 808 935 851 fidelis3

576 851 631 884 Me
656 862 720 885 non
746 855 853 889 vincat
878 858 983 893 bestia

621 899 745 934 Inferni
771 905 924 950 crudelis,

575 947 638 980 Sed
664 951 697 981 te
723 959 793 983 cum
820 953 957 987 victoria

621 997 808 1031 Collaudem
835 1001 867 1033 in
896 1004 1004 1037 caelis.

216 1051 243 1079 A
264 1053 314 1080 fol.
338 1053 390 1082 la.

570 1144 609 1174 17.
650 1144 685 1176 111
705 1146 925 1188 Assumptione
944 1150 1033 1183 BMV.

148 1217 179 1249 1.
206 1217 288 1258 Ave,
316 1228 334 1251 o
361 1220 548 1255 christifera

255 1266 392 1300 Floreus
418 1270 510 1311 virga
534 1272 635 1316 Iesse,

207 1314 294 1354 Quae
319 1318 468 1350 ascendis
493 1319 603 1353 sidera

249 1364 304 1395 Ad
325 1367 491 1399 aeternum
516 1376 596 1411 esse,

201 1409 279 1443 Cum
306 1412 370 1445 sint
397 1415 439 1446 ad
465 1414 636 1450 fructifera

247 1459 344 1492 Meae
368 1471 481 1495 manus
509 1463 623 1509 fessae,

197 1507 281 1540 Asta
306 1509 384 1541 mihi
409 1520 569 1552 prospera

247 1556 284 1588 In
310 1555 401 1590 finali
422 1568 536 1593 messe.

135 1631 165 1665 2.
192 1632 274 1674 Ave,
302 1636 412 1668 mundi
441 1637 580 1679 domina,

241 1682 436 1717 Cunctorum
461 1686 583 1729 regina,

194 1727 360 1763 Scandens
386 1741 484 1774 super
510 1735 649 1769 culmina

237 1779 410 1813 Astrorum
437 1781 570 1824 festina,

189 1825 240 1858 Sis
267 1831 380 1861 contra
404 1832 599 1870 peccamina

238 1874 321 1907 Mihi
347 1878 518 1923 medicina,

186 1923 237 1955 Ne
261 1926 388 1964 peccati
413 1928 545 1961 sarcina

233 1971 283 2005 Sit
307 1974 386 2006 mihi
409 1976 512 2010 ruina.

841 1232 871 1263 ὃ.
901 1233 982 1275 Ave,
1010 1233 1101 1276 virgo
1128 1236 1269 1279 humilis,

948 1281 1035 1321 Quae
1060 1283 1108 1315 sic
1132 1286 1262 1318 scandis
1288 1296 1414 1321 sursum

899 1327 1004 1369 Super
1030 1331 1135 1364 caelos
1161 1334 1254 1374 agilis

945 1377 1047 1410 Tuum
1073 1381 1209 1413 tendens
1237 1391 1378 1428 cursum,

894 1425 1031 1467 Memor,
1058 1436 1077 1459 o
1102 1429 1262 1470 amabilis,

941 1474 1023 1507 Esto
1049 1477 1112 1508 mei
1136 1487 1274 1519 rursum,

892 1521 984 1565 Veni,
1011 1532 1086 1555 nam
1111 1534 1181 1557 sum
1207 1527 1330 1569 labilis,

939 1570 1024 1602 Mihi
1047 1571 1082 1604 in
1105 1582 1303 1608 succursum.

830 1649 860 1679 4.
891 1648 971 1688 Ave,
998 1648 1088 1690 virgo
1114 1651 1284 1691 virginum,

935 1696 1023 1736 Quae
1045 1698 1163 1730 transis
1191 1700 1370 1734 dersertuni

887 1742 992 1783 Super
1018 1746 1123 1778 caelos
1149 1749 1322 1781 terminum

933 1792 1060 1825 Ponens
1085 1794 1146 1826 tibi
1172 1799 1307 1840 certum,

882 1839 935 1871 Da
958 1841 1047 1882 mihi,
1073 1843 1127 1883 qui
1153 1845 1293 1878 ominum

931 1888 1041 1922 Ducor
1063 1900 1125 1932 per
1149 1891 1320 1936 incertum⁷

882 1936 1003 1969 Locum
1029 1940 1118 1979 apud
1142 1940 1314 1975 Dominum

928 1985 973 2017 Et
995 1987 1126 2020 virtutis
1152 1993 1284 2024 sertum.

510 2058 540 2090 5.
569 2058 650 2101 Ave,
676 2059 778 2102 virgo,
805 2064 953 2101 proxima

617 2107 705 2146 Quae
730 2117 764 2140 es
790 2112 866 2143 tuae
892 2112 987 2153 proli,

567 2154 674 2188 Sessio
698 2156 780 2189 haec
804 2160 928 2199 optima

611 2204 718 2237 Datur
740 2205 801 2238 tibi
826 2208 908 2248 soli3

562 2251 660 2296 Ergo,
684 2262 703 2285 o
730 2253 927 2297 dulcissima⁷

610 2300 771 2341 Spernere
796 2312 848 2335 me
874 2305 950 2348 noli,

559 2349 637 2381 Mea
661 2352 768 2382 tecum
794 2351 901 2385 anima

608 2397 658 2431 Sit
682 2398 715 2430 in
740 2407 816 2431 arce
841 2401 919 2440 poli.

174 2457 201 2484 A
220 2458 272 2486 fol.
297 2458 311 2486 1
326 2468 352 2487 a.

153 2518 196 2541 Dr
205 2525 296 2549 eves,
315 2519 481 2544 Ohristauus
498 2522 730 2553 Campoliliensis.
