<?xml version="1.0" encoding="UTF-8"?>
<!DOCTYPE html PUBLIC "-//W3C//DTD XHTML 1.0 Transitional//EN"
    "http://www.w3.org/TR/xhtml1/DTD/xhtml1-transitional.dtd">
<html xmlns="http://www.w3.org/1999/xhtml" xml:lang="en" lang="en">
 <head>
  <title>
</title>
<meta http-equiv="Content-Type" content="text/html;charset=utf-8" />
  <meta name='ocr-system' content='tesseract 3.04.00' />
  <meta name='ocr-capabilities' content='ocr_page ocr_carea ocr_par ocr_line ocrx_word'/>
</head>
<body>
  <div class='ocr_page' id='page_1' title='image "./analectahymnica41drevuoft_00263.png"; bbox 0 0 1651 2700; ppageno 0'>
   <div class='ocr_carea' id='block_1_1' title="bbox 202 231 233 263">
    <p class='ocr_par' dir='ltr' id='par_1_1' title="bbox 202 231 233 263">
     <span class='ocr_line' id='line_1_1' title="bbox 202 231 233 263; baseline 0 0"><span class='ocrx_word' id='word_1_1' title='bbox 202 231 233 263; x_wconf 82' lang='lat'>3.</span> 
     </span>
    </p>
   </div>
   <div class='ocr_carea' id='block_1_2' title="bbox 720 126 982 161">
    <p class='ocr_par' dir='ltr' id='par_1_2' title="bbox 720 126 982 161">
     <span class='ocr_line' id='line_1_2' title="bbox 720 126 982 161; baseline 0 -1"><span class='ocrx_word' id='word_1_2' title='bbox 720 126 982 161; x_wconf 81' lang='lat'>-260—</span> 
     </span>
    </p>
   </div>
   <div class='ocr_carea' id='block_1_3' title="bbox 259 225 726 503">
    <p class='ocr_par' dir='ltr' id='par_1_3' title="bbox 259 225 726 503">
     <span class='ocr_line' id='line_1_3' title="bbox 262 225 689 265; baseline -0.012 -5"><span class='ocrx_word' id='word_1_3' title='bbox 262 228 338 260; x_wconf 91' lang='lat' dir='ltr'>Cum</span> <span class='ocrx_word' id='word_1_4' title='bbox 365 227 532 265; x_wconf 87' lang='lat' dir='ltr'>animaque</span> <span class='ocrx_word' id='word_1_5' title='bbox 556 225 689 264; x_wconf 83' lang='lat' dir='ltr'>spiritus</span> 
     </span>
     <span class='ocr_line' id='line_1_4' title="bbox 259 274 666 316; baseline -0.015 -8"><span class='ocrx_word' id='word_1_6' title='bbox 259 275 436 316; x_wconf 85' lang='lat' dir='ltr'>Egreditur</span> <span class='ocrx_word' id='word_1_7' title='bbox 463 274 502 305; x_wconf 89' lang='lat' dir='ltr'>de</span> <span class='ocrx_word' id='word_1_8' title='bbox 528 280 666 311; x_wconf 87' lang='lat' dir='ltr'>carcere,</span> 
     </span>
     <span class='ocr_line' id='line_1_5' title="bbox 259 319 657 364; baseline -0.013 -9"><span class='ocrx_word' id='word_1_9' title='bbox 259 323 336 364; x_wconf 85' lang='lat' dir='ltr'>Vos,</span> <span class='ocrx_word' id='word_1_10' title='bbox 362 321 477 362; x_wconf 84' lang='lat' dir='ltr'>angeli,</span> <span class='ocrx_word' id='word_1_11' title='bbox 506 319 657 352; x_wconf 86' lang='lat' dir='ltr'>divinitus</span> 
     </span>
     <span class='ocr_line' id='line_1_6' title="bbox 260 369 664 410; baseline -0.012 -8"><span class='ocrx_word' id='word_1_12' title='bbox 260 369 442 410; x_wconf 88' lang='lat' dir='ltr'>Dignemini</span> <span class='ocrx_word' id='word_1_13' title='bbox 469 375 664 407; x_wconf 81' lang='lat' dir='ltr'>succurrere,</span> 
     </span>
     <span class='ocr_line' id='line_1_7' title="bbox 260 414 714 454; baseline -0.011 -4"><span class='ocrx_word' id='word_1_14' title='bbox 260 418 307 451; x_wconf 91' lang='lat' dir='ltr'>Ut</span> <span class='ocrx_word' id='word_1_15' title='bbox 331 417 411 449; x_wconf 89' lang='lat' dir='ltr'>haec</span> <span class='ocrx_word' id='word_1_16' title='bbox 436 415 552 447; x_wconf 83' lang='lat' dir='ltr'>evadet</span> <span class='ocrx_word' id='word_1_17' title='bbox 575 414 714 454; x_wconf 82' lang='lat' dir='ltr'>penitus,</span> 
     </span>
     <span class='ocr_line' id='line_1_8' title="bbox 260 463 726 503; baseline -0.006 -6"><span class='ocrx_word' id='word_1_18' title='bbox 260 465 368 497; x_wconf 77' lang='lat' dir='ltr'><strong>Possit</strong></span> <span class='ocrx_word' id='word_1_19' title='bbox 390 464 431 496; x_wconf 86' lang='lat' dir='ltr'>ad</span> <span class='ocrx_word' id='word_1_20' title='bbox 453 463 555 495; x_wconf 90' lang='lat' dir='ltr'>Deum</span> <span class='ocrx_word' id='word_1_21' title='bbox 580 470 726 503; x_wconf 82' lang='lat' dir='ltr'>pergere.</span> 
     </span>
    </p>
   </div>
   <div class='ocr_carea' id='block_1_4' title="bbox 259 534 748 719">
    <p class='ocr_par' dir='ltr' id='par_1_4' title="bbox 259 534 748 719">
     <span class='ocr_line' id='line_1_9' title="bbox 260 534 748 578; baseline -0.01 -9"><span class='ocrx_word' id='word_1_22' title='bbox 260 536 354 578; x_wconf 86' lang='lat' dir='ltr'>Mihi,</span> <span class='ocrx_word' id='word_1_23' title='bbox 381 535 479 575; x_wconf 84' lang='lat' dir='ltr'>Deus,</span> <span class='ocrx_word' id='word_1_24' title='bbox 506 534 549 566; x_wconf 88' lang='lat' dir='ltr'>sis</span> <span class='ocrx_word' id='word_1_25' title='bbox 574 536 748 574; x_wconf 84' lang='lat' dir='ltr'>protector.</span> 
     </span>
     <span class='ocr_line' id='line_1_10' title="bbox 260 582 664 623; baseline -0.01 -7"><span class='ocrx_word' id='word_1_26' title='bbox 260 584 310 616; x_wconf 87' lang='lat' dir='ltr'>Tu</span> <span class='ocrx_word' id='word_1_27' title='bbox 335 583 463 615; x_wconf 89' lang='lat' dir='ltr'>salubre</span> <span class='ocrx_word' id='word_1_28' title='bbox 489 582 664 623; x_wconf 87' lang='lat' dir='ltr'>consilium,</span> 
     </span>
     <span class='ocr_line' id='line_1_11' title="bbox 259 628 719 669; baseline -0.011 -5"><span class='ocrx_word' id='word_1_29' title='bbox 259 631 355 664; x_wconf 84' lang='lat' dir='ltr'>Meae</span> <span class='ocrx_word' id='word_1_30' title='bbox 383 631 464 663; x_wconf 85' lang='lat' dir='ltr'>vitae</span> <span class='ocrx_word' id='word_1_31' title='bbox 489 630 532 661; x_wconf 90' lang='lat' dir='ltr'>sis</span> <span class='ocrx_word' id='word_1_32' title='bbox 559 628 719 669; x_wconf 86' lang='lat' dir='ltr'>defensor,</span> 
     </span>
     <span class='ocr_line' id='line_1_12' title="bbox 261 675 718 719; baseline -0.009 -8"><span class='ocrx_word' id='word_1_33' title='bbox 261 679 341 719; x_wconf 87' lang='lat' dir='ltr'>Spes</span> <span class='ocrx_word' id='word_1_34' title='bbox 367 679 524 717; x_wconf 88' lang='lat' dir='ltr'>salusque,</span> <span class='ocrx_word' id='word_1_35' title='bbox 551 675 718 717; x_wconf 80' lang='lat' dir='ltr'>refugium,</span> 
     </span>
    </p>
   </div>
   <div class='ocr_carea' id='block_1_5' title="bbox 207 727 739 767">
    <p class='ocr_par' dir='ltr' id='par_1_5' title="bbox 207 727 739 767">
     <span class='ocr_line' id='line_1_13' title="bbox 207 727 739 767; baseline -0.004 -11"><span class='ocrx_word' id='word_1_36' title='bbox 207 753 210 756; x_wconf 94' lang='lat'>.</span> <span class='ocrx_word' id='word_1_37' title='bbox 260 727 330 767; x_wconf 84' lang='lat' dir='ltr'>Ego</span> <span class='ocrx_word' id='word_1_38' title='bbox 357 734 478 767; x_wconf 83' lang='lat' dir='ltr'>servus,</span> <span class='ocrx_word' id='word_1_39' title='bbox 505 729 540 755; x_wconf 90' lang='lat' dir='ltr'>tu</span> <span class='ocrx_word' id='word_1_40' title='bbox 565 733 598 755; x_wconf 92' lang='lat' dir='ltr'>es</span> <span class='ocrx_word' id='word_1_41' title='bbox 623 727 739 765; x_wconf 88' lang='lat' dir='ltr'>rector,</span> 
     </span>
    </p>
   </div>
   <div class='ocr_carea' id='block_1_6' title="bbox 204 1250 239 1281">
    <p class='ocr_par' dir='ltr' id='par_1_6' title="bbox 204 1250 239 1281">
     <span class='ocr_line' id='line_1_14' title="bbox 204 1250 239 1281; baseline 0 0"><span class='ocrx_word' id='word_1_42' title='bbox 204 1250 239 1281; x_wconf 83' lang='lat'>2.</span> 
     </span>
    </p>
   </div>
   <div class='ocr_carea' id='block_1_7' title="bbox 261 771 782 813">
    <p class='ocr_par' dir='ltr' id='par_1_7' title="bbox 261 771 782 813">
     <span class='ocr_line' id='line_1_15' title="bbox 261 771 782 813; baseline -0.006 -7"><span class='ocrx_word' id='word_1_43' title='bbox 261 774 333 806; x_wconf 88' lang='lat' dir='ltr'>Non</span> <span class='ocrx_word' id='word_1_44' title='bbox 358 781 486 813; x_wconf 85' lang='lat' dir='ltr'>vergam</span> <span class='ocrx_word' id='word_1_45' title='bbox 510 772 542 803; x_wconf 91' lang='lat' dir='ltr'>in</span> <span class='ocrx_word' id='word_1_46' title='bbox 569 771 782 811; x_wconf 87' lang='lat' dir='ltr'>dispendium.</span> 
     </span>
    </p>
   </div>
   <div class='ocr_carea' id='block_1_8' title="bbox 510 864 926 906">
    <p class='ocr_par' dir='ltr' id='par_1_8' title="bbox 510 864 926 906">
     <span class='ocr_line' id='line_1_16' title="bbox 510 864 926 906; baseline -0.007 -7"><span class='ocrx_word' id='word_1_47' title='bbox 510 867 563 899; x_wconf 84' lang='lat'>121.</span> <span class='ocrx_word' id='word_1_48' title='bbox 606 867 739 906; x_wconf 84' lang='lat' dir='ltr'>Hymnus</span> <span class='ocrx_word' id='word_1_49' title='bbox 762 866 799 897; x_wconf 85' lang='lat' dir='ltr'>de</span> <span class='ocrx_word' id='word_1_50' title='bbox 819 864 926 896; x_wconf 83' lang='lat' dir='ltr'>mundi</span> 
     </span>
    </p>
   </div>
   <div class='ocr_carea' id='block_1_9' title="bbox 229 937 926 974">
    <p class='ocr_par' dir='ltr' id='par_1_9' title="bbox 229 937 926 974">
     <span class='ocr_line' id='line_1_17' title="bbox 229 937 926 974; baseline -0.009 0"><span class='ocrx_word' id='word_1_51' title='bbox 229 966 236 974; x_wconf 93' lang='lat'>.</span> <span class='ocrx_word' id='word_1_52' title='bbox 262 940 325 973; x_wconf 87' lang='lat' dir='ltr'>Hic</span> <span class='ocrx_word' id='word_1_53' title='bbox 350 939 522 971; x_wconf 89' lang='lat' dir='ltr'>altissimus</span> <span class='ocrx_word' id='word_1_54' title='bbox 548 939 649 970; x_wconf 84' lang='lat' dir='ltr'>iratus</span> <span class='ocrx_word' id='word_1_55' title='bbox 895 937 926 969; x_wconf 90' lang='lat'>6.</span> 
     </span>
    </p>
   </div>
   <div class='ocr_carea' id='block_1_10' title="bbox 261 986 732 1216">
    <p class='ocr_par' dir='ltr' id='par_1_10' title="bbox 263 986 615 1028">
     <span class='ocr_line' id='line_1_18' title="bbox 263 986 615 1028; baseline -0.009 -8"><span class='ocrx_word' id='word_1_56' title='bbox 263 989 339 1021; x_wconf 91' lang='lat' dir='ltr'>Cum</span> <span class='ocrx_word' id='word_1_57' title='bbox 366 986 465 1019; x_wconf 88' lang='lat' dir='ltr'>faciet</span> <span class='ocrx_word' id='word_1_58' title='bbox 487 986 615 1028; x_wconf 82' lang='lat' dir='ltr'>iudicia,</span> 
     </span>
    </p>

    <p class='ocr_par' dir='ltr' id='par_1_11' title="bbox 261 1033 732 1216">
     <span class='ocr_line' id='line_1_19' title="bbox 262 1033 732 1068; baseline -0.006 -1"><span class='ocrx_word' id='word_1_59' title='bbox 262 1035 326 1067; x_wconf 87' lang='lat' dir='ltr'>Hic</span> <span class='ocrx_word' id='word_1_60' title='bbox 351 1034 500 1066; x_wconf 87' lang='lat' dir='ltr'>ostendet</span> <span class='ocrx_word' id='word_1_61' title='bbox 523 1043 612 1065; x_wconf 89' lang='lat' dir='ltr'>suum</span> <span class='ocrx_word' id='word_1_62' title='bbox 638 1033 732 1068; x_wconf 70' lang='lat' dir='ltr'>latus,</span> 
     </span>
     <span class='ocr_line' id='line_1_20' title="bbox 265 1080 689 1121; baseline -0.007 -7"><span class='ocrx_word' id='word_1_63' title='bbox 265 1082 345 1115; x_wconf 84' lang='lat' dir='ltr'>Suos</span> <span class='ocrx_word' id='word_1_64' title='bbox 371 1082 470 1121; x_wconf 83' lang='lat' dir='ltr'>pedes</span> <span class='ocrx_word' id='word_1_65' title='bbox 495 1090 533 1112; x_wconf 88' lang='lat' dir='ltr'>ac</span> <span class='ocrx_word' id='word_1_66' title='bbox 556 1080 689 1112; x_wconf 85' lang='lat' dir='ltr'>brachia</span> 
     </span>
     <span class='ocr_line' id='line_1_21' title="bbox 261 1128 713 1170; baseline -0.007 -8"><span class='ocrx_word' id='word_1_67' title='bbox 261 1130 307 1162; x_wconf 88' lang='lat' dir='ltr'>Et</span> <span class='ocrx_word' id='word_1_68' title='bbox 331 1130 415 1170; x_wconf 87' lang='lat' dir='ltr'>quod</span> <span class='ocrx_word' id='word_1_69' title='bbox 442 1129 504 1160; x_wconf 81' lang='lat' dir='ltr'>fuit</span> <span class='ocrx_word' id='word_1_70' title='bbox 527 1128 713 1160; x_wconf 84' lang='lat' dir='ltr'>verberatus</span> 
     </span>
     <span class='ocr_line' id='line_1_22' title="bbox 263 1176 591 1216; baseline -0.009 -6"><span class='ocrx_word' id='word_1_71' title='bbox 263 1179 301 1210; x_wconf 89' lang='lat' dir='ltr'>In</span> <span class='ocrx_word' id='word_1_72' title='bbox 325 1177 424 1216; x_wconf 88' lang='lat' dir='ltr'>impia</span> <span class='ocrx_word' id='word_1_73' title='bbox 448 1176 591 1208; x_wconf 74' lang='lat' dir='ltr'>tristitia.</span> 
     </span>
    </p>
   </div>
   <div class='ocr_carea' id='block_1_11' title="bbox 263 1247 769 1525">
    <p class='ocr_par' dir='ltr' id='par_1_12' title="bbox 264 1247 769 1382">
     <span class='ocr_line' id='line_1_23' title="bbox 265 1247 689 1289; baseline -0.005 -9"><span class='ocrx_word' id='word_1_74' title='bbox 265 1249 338 1280; x_wconf 87' lang='lat' dir='ltr'>1esu</span> <span class='ocrx_word' id='word_1_75' title='bbox 367 1247 486 1280; x_wconf 86' lang='lat' dir='ltr'>Christi</span> <span class='ocrx_word' id='word_1_76' title='bbox 511 1248 689 1289; x_wconf 81' lang='lat' dir='ltr'>passionem</span> 
     </span>
     <span class='ocr_line' id='line_1_24' title="bbox 264 1295 769 1335; baseline -0.004 -8"><span class='ocrx_word' id='word_1_77' title='bbox 264 1296 397 1335; x_wconf 88' lang='lat' dir='ltr'>Semper</span> <span class='ocrx_word' id='word_1_78' title='bbox 421 1298 515 1334; x_wconf 86' lang='lat' dir='ltr'>porta</span> <span class='ocrx_word' id='word_1_79' title='bbox 539 1298 574 1325; x_wconf 92' lang='lat' dir='ltr'>tu</span> <span class='ocrx_word' id='word_1_80' title='bbox 598 1295 630 1325; x_wconf 84' lang='lat' dir='ltr'>in</span> <span class='ocrx_word' id='word_1_81' title='bbox 654 1297 769 1335; x_wconf 88' lang='lat' dir='ltr'>mente,</span> 
     </span>
     <span class='ocr_line' id='line_1_25' title="bbox 264 1342 689 1382; baseline -0.002 -8"><span class='ocrx_word' id='word_1_82' title='bbox 264 1343 343 1375; x_wconf 87' lang='lat' dir='ltr'>Eius</span> <span class='ocrx_word' id='word_1_83' title='bbox 371 1351 488 1382; x_wconf 90' lang='lat' dir='ltr'>quaere</span> <span class='ocrx_word' id='word_1_84' title='bbox 511 1342 689 1382; x_wconf 89' lang='lat' dir='ltr'>lectionem,</span> 
     </span>
    </p>

    <p class='ocr_par' dir='ltr' id='par_1_13' title="bbox 263 1390 740 1525">
     <span class='ocr_line' id='line_1_26' title="bbox 263 1390 714 1430; baseline -0.004 -8"><span class='ocrx_word' id='word_1_85' title='bbox 263 1390 312 1422; x_wconf 89' lang='lat' dir='ltr'>Tu</span> <span class='ocrx_word' id='word_1_86' title='bbox 337 1398 476 1430; x_wconf 87' lang='lat' dir='ltr'>procura</span> <span class='ocrx_word' id='word_1_87' title='bbox 500 1390 560 1421; x_wconf 91' lang='lat' dir='ltr'>hoc</span> <span class='ocrx_word' id='word_1_88' title='bbox 584 1393 714 1430; x_wconf 86' lang='lat' dir='ltr'>attente,</span> 
     </span>
     <span class='ocr_line' id='line_1_27' title="bbox 264 1437 740 1477; baseline -0.002 -8"><span class='ocrx_word' id='word_1_89' title='bbox 264 1437 473 1470; x_wconf 86' lang='lat' dir='ltr'>Conculcabis</span> <span class='ocrx_word' id='word_1_90' title='bbox 499 1440 533 1468; x_wconf 89' lang='lat' dir='ltr'>tu</span> <span class='ocrx_word' id='word_1_91' title='bbox 560 1437 740 1477; x_wconf 86' lang='lat' dir='ltr'>draconem,</span> 
     </span>
     <span class='ocr_line' id='line_1_28' title="bbox 263 1484 706 1525; baseline 0.005 -9"><span class='ocrx_word' id='word_1_92' title='bbox 263 1486 322 1525; x_wconf 79' lang='lat' dir='ltr'>Qui</span> <span class='ocrx_word' id='word_1_93' title='bbox 349 1484 481 1516; x_wconf 74' lang='lat' dir='ltr'>offendit</span> <span class='ocrx_word' id='word_1_94' title='bbox 505 1488 537 1516; x_wconf 86' lang='lat' dir='ltr'>te</span> <span class='ocrx_word' id='word_1_95' title='bbox 563 1489 706 1524; x_wconf 84' lang='lat' dir='ltr'>repente.</span> 
     </span>
    </p>
   </div>
   <div class='ocr_carea' id='block_1_12' title="bbox 230 1556 688 1596">
    <p class='ocr_par' dir='ltr' id='par_1_14' title="bbox 230 1556 688 1596">
     <span class='ocr_line' id='line_1_29' title="bbox 230 1556 688 1596; baseline -0.007 -6"><span class='ocrx_word' id='word_1_96' title='bbox 230 1584 236 1590; x_wconf 98' lang='lat'>.</span> <span class='ocrx_word' id='word_1_97' title='bbox 263 1556 351 1589; x_wconf 90' lang='lat' dir='ltr'>Deus</span> <span class='ocrx_word' id='word_1_98' title='bbox 377 1565 506 1596; x_wconf 88' lang='lat' dir='ltr'>magnus</span> <span class='ocrx_word' id='word_1_99' title='bbox 532 1556 688 1587; x_wconf 89' lang='lat' dir='ltr'>iudicabit</span> 
     </span>
    </p>
   </div>
   <div class='ocr_carea' id='block_1_13' title="bbox 258 1604 816 1835">
    <p class='ocr_par' dir='ltr' id='par_1_15' title="bbox 258 1604 816 1835">
     <span class='ocr_line' id='line_1_30' title="bbox 261 1604 816 1644; baseline -0.002 -8"><span class='ocrx_word' id='word_1_100' title='bbox 261 1604 324 1636; x_wconf 89' lang='lat' dir='ltr'>Per</span> <span class='ocrx_word' id='word_1_101' title='bbox 349 1604 452 1643; x_wconf 86' lang='lat' dir='ltr'>ignem</span> <span class='ocrx_word' id='word_1_102' title='bbox 474 1612 627 1643; x_wconf 84' lang='lat' dir='ltr'>praesens</span> <span class='ocrx_word' id='word_1_103' title='bbox 644 1604 816 1644; x_wconf 87' lang='lat' dir='ltr'>saeculum,</span> 
     </span>
     <span class='ocr_line' id='line_1_31' title="bbox 261 1651 748 1691; baseline -0.002 -8"><span class='ocrx_word' id='word_1_104' title='bbox 261 1651 384 1683; x_wconf 85' lang='lat' dir='ltr'>Multos</span> <span class='ocrx_word' id='word_1_105' title='bbox 409 1651 494 1683; x_wconf 89' lang='lat' dir='ltr'>idem</span> <span class='ocrx_word' id='word_1_106' title='bbox 523 1652 748 1691; x_wconf 79' lang='lat' dir='ltr'>conquassabit</span> 
     </span>
     <span class='ocr_line' id='line_1_32' title="bbox 262 1699 784 1738; baseline -0.002 -7"><span class='ocrx_word' id='word_1_107' title='bbox 262 1699 363 1731; x_wconf 86' lang='lat' dir='ltr'>Recte</span> <span class='ocrx_word' id='word_1_108' title='bbox 390 1699 501 1730; x_wconf 89' lang='lat' dir='ltr'>videns</span> <span class='ocrx_word' id='word_1_109' title='bbox 526 1707 585 1738; x_wconf 91' lang='lat' dir='ltr'>per</span> <span class='ocrx_word' id='word_1_110' title='bbox 610 1700 784 1738; x_wconf 83' lang='lat' dir='ltr'>speculum,</span> 
     </span>
     <span class='ocr_line' id='line_1_33' title="bbox 259 1746 699 1786; baseline 0.002 -9"><span class='ocrx_word' id='word_1_111' title='bbox 259 1746 462 1786; x_wconf 87' lang='lat' dir='ltr'>Adimplebit</span> <span class='ocrx_word' id='word_1_112' title='bbox 486 1750 582 1786; x_wconf 90' lang='lat' dir='ltr'>atque</span> <span class='ocrx_word' id='word_1_113' title='bbox 608 1747 699 1779; x_wconf 84' lang='lat' dir='ltr'>dabit</span> 
     </span>
     <span class='ocr_line' id='line_1_34' title="bbox 258 1794 655 1835; baseline -0.003 -9"><span class='ocrx_word' id='word_1_114' title='bbox 258 1794 444 1834; x_wconf 87' lang='lat' dir='ltr'>Ruinasque</span> <span class='ocrx_word' id='word_1_115' title='bbox 469 1794 655 1835; x_wconf 82' lang='lat' dir='ltr'>periculum.</span> 
     </span>
    </p>
   </div>
   <div class='ocr_carea' id='block_1_14' title="bbox 226 1866 755 1907">
    <p class='ocr_par' dir='ltr' id='par_1_16' title="bbox 226 1866 755 1907">
     <span class='ocr_line' id='line_1_35' title="bbox 226 1866 755 1907; baseline 0.002 -10"><span class='ocrx_word' id='word_1_116' title='bbox 226 1891 233 1898; x_wconf 95' lang='lat'>.</span> <span class='ocrx_word' id='word_1_117' title='bbox 261 1866 344 1898; x_wconf 86' lang='lat' dir='ltr'>Sono</span> <span class='ocrx_word' id='word_1_118' title='bbox 370 1866 466 1898; x_wconf 83' lang='lat' dir='ltr'>tubae</span> <span class='ocrx_word' id='word_1_119' title='bbox 491 1875 599 1898; x_wconf 85' lang='lat' dir='ltr'>omnes</span> <span class='ocrx_word' id='word_1_120' title='bbox 622 1871 755 1907; x_wconf 82' lang='lat' dir='ltr'>surgent</span> 
     </span>
    </p>
   </div>
   <div class='ocr_carea' id='block_1_15' title="bbox 258 1914 766 2146">
    <p class='ocr_par' dir='ltr' id='par_1_17' title="bbox 258 1914 766 2146">
     <span class='ocr_line' id='line_1_36' title="bbox 258 1914 719 1958; baseline 0.002 -12"><span class='ocrx_word' id='word_1_121' title='bbox 258 1914 328 1946; x_wconf 87' lang='lat' dir='ltr'>Deo</span> <span class='ocrx_word' id='word_1_122' title='bbox 355 1915 524 1954; x_wconf 88' lang='lat' dir='ltr'>cunctique</span> <span class='ocrx_word' id='word_1_123' title='bbox 549 1915 719 1958; x_wconf 89' lang='lat' dir='ltr'>parebunt,</span> 
     </span>
     <span class='ocr_line' id='line_1_37' title="bbox 259 1962 684 2003; baseline -0.002 -8"><span class='ocrx_word' id='word_1_124' title='bbox 259 1962 329 2003; x_wconf 87' lang='lat' dir='ltr'>Ipsi</span> <span class='ocrx_word' id='word_1_125' title='bbox 354 1962 510 1994; x_wconf 89' lang='lat' dir='ltr'>rationem</span> <span class='ocrx_word' id='word_1_126' title='bbox 536 1963 684 2002; x_wconf 84' lang='lat' dir='ltr'>reddent,</span> 
     </span>
     <span class='ocr_line' id='line_1_38' title="bbox 260 2010 766 2051; baseline 0.004 -10"><span class='ocrx_word' id='word_1_127' title='bbox 260 2010 359 2049; x_wconf 80' lang='lat' dir='ltr'>Quam</span> <span class='ocrx_word' id='word_1_128' title='bbox 387 2010 490 2042; x_wconf 87' lang='lat' dir='ltr'>vitare</span> <span class='ocrx_word' id='word_1_129' title='bbox 515 2019 577 2042; x_wconf 89' lang='lat' dir='ltr'>non</span> <span class='ocrx_word' id='word_1_130' title='bbox 603 2011 766 2051; x_wconf 82' lang='lat' dir='ltr'>valebunt,</span> 
     </span>
     <span class='ocr_line' id='line_1_39' title="bbox 261 2056 705 2101; baseline 0.002 -12"><span class='ocrx_word' id='word_1_131' title='bbox 261 2058 452 2090; x_wconf 81' lang='lat' dir='ltr'>Peccatores</span> <span class='ocrx_word' id='word_1_132' title='bbox 478 2056 562 2090; x_wconf 84' lang='lat' dir='ltr'>forte</span> <span class='ocrx_word' id='word_1_133' title='bbox 587 2059 705 2101; x_wconf 81' lang='lat' dir='ltr'>lugent,</span> 
     </span>
     <span class='ocr_line' id='line_1_40' title="bbox 259 2106 726 2146; baseline 0.004 -9"><span class='ocrx_word' id='word_1_134' title='bbox 259 2106 342 2137; x_wconf 87' lang='lat' dir='ltr'>Iusti</span> <span class='ocrx_word' id='word_1_135' title='bbox 368 2114 443 2137; x_wconf 89' lang='lat' dir='ltr'>vero</span> <span class='ocrx_word' id='word_1_136' title='bbox 471 2106 726 2146; x_wconf 83' lang='lat' dir='ltr'>congaudebunt.</span> 
     </span>
    </p>
   </div>
   <div class='ocr_carea' id='block_1_16' title="bbox 226 2177 679 2221">
    <p class='ocr_par' dir='ltr' id='par_1_18' title="bbox 226 2177 679 2221">
     <span class='ocr_line' id='line_1_41' title="bbox 226 2177 679 2221; baseline -0.002 -10"><span class='ocrx_word' id='word_1_137' title='bbox 226 2204 233 2211; x_wconf 91' lang='lat'><strong><em>.</em></strong></span> <span class='ocrx_word' id='word_1_138' title='bbox 259 2178 393 2216; x_wconf 82' lang='lat' dir='ltr'>Quando</span> <span class='ocrx_word' id='word_1_139' title='bbox 420 2178 482 2209; x_wconf 85' lang='lat' dir='ltr'>erit</span> <span class='ocrx_word' id='word_1_140' title='bbox 508 2177 576 2210; x_wconf 87' lang='lat' dir='ltr'>dies</span> <span class='ocrx_word' id='word_1_141' title='bbox 602 2178 679 2221; x_wconf 87' lang='lat' dir='ltr'>irae,</span> 
     </span>
    </p>
   </div>
   <div class='ocr_carea' id='block_1_17' title="bbox 259 2225 781 2448">
    <p class='ocr_par' dir='ltr' id='par_1_19' title="bbox 259 2225 781 2448">
     <span class='ocr_line' id='line_1_42' title="bbox 259 2225 712 2264; baseline 0 -6"><span class='ocrx_word' id='word_1_142' title='bbox 259 2225 307 2258; x_wconf 91' lang='lat' dir='ltr'>Ut</span> <span class='ocrx_word' id='word_1_143' title='bbox 331 2225 384 2256; x_wconf 91' lang='lat' dir='ltr'>hic</span> <span class='ocrx_word' id='word_1_144' title='bbox 409 2226 545 2257; x_wconf 90' lang='lat' dir='ltr'>mundus</span> <span class='ocrx_word' id='word_1_145' title='bbox 571 2225 712 2264; x_wconf 85' lang='lat' dir='ltr'>finiatur,</span> 
     </span>
     <span class='ocr_line' id='line_1_43' title="bbox 260 2271 781 2317; baseline 0.006 -14"><span class='ocrx_word' id='word_1_146' title='bbox 260 2272 310 2303; x_wconf 86' lang='lat' dir='ltr'>Tu</span> <span class='ocrx_word' id='word_1_147' title='bbox 337 2273 434 2304; x_wconf 87' lang='lat' dir='ltr'>debes</span> <span class='ocrx_word' id='word_1_148' title='bbox 459 2271 546 2317; x_wconf 91' lang='lat' dir='ltr'>[hoc]</span> <span class='ocrx_word' id='word_1_149' title='bbox 573 2279 660 2305; x_wconf 91' lang='lat' dir='ltr'>certe</span> <span class='ocrx_word' id='word_1_150' title='bbox 686 2274 781 2315; x_wconf 87' lang='lat' dir='ltr'>scire,</span> 
     </span>
     <span class='ocr_line' id='line_1_44' title="bbox 261 2320 720 2364; baseline 0.002 -12"><span class='ocrx_word' id='word_1_151' title='bbox 261 2320 309 2352; x_wconf 82' lang='lat' dir='ltr'>Ut</span> <span class='ocrx_word' id='word_1_152' title='bbox 333 2320 386 2351; x_wconf 92' lang='lat' dir='ltr'>hic</span> <span class='ocrx_word' id='word_1_153' title='bbox 407 2321 480 2360; x_wconf 85' lang='lat' dir='ltr'>igne</span> <span class='ocrx_word' id='word_1_154' title='bbox 507 2321 720 2364; x_wconf 86' lang='lat' dir='ltr'>comburatur,</span> 
     </span>
     <span class='ocr_line' id='line_1_45' title="bbox 260 2366 747 2411; baseline 0.006 -14"><span class='ocrx_word' id='word_1_155' title='bbox 260 2366 335 2398; x_wconf 89' lang='lat' dir='ltr'>Erit</span> <span class='ocrx_word' id='word_1_156' title='bbox 359 2370 484 2407; x_wconf 85' lang='lat' dir='ltr'>tempus</span> <span class='ocrx_word' id='word_1_157' title='bbox 509 2369 621 2400; x_wconf 90' lang='lat' dir='ltr'>mortis</span> <span class='ocrx_word' id='word_1_158' title='bbox 648 2369 747 2411; x_wconf 87' lang='lat' dir='ltr'>dirae,</span> 
     </span>
     <span class='ocr_line' id='line_1_46' title="bbox 262 2414 705 2448; baseline 0.005 -2"><span class='ocrx_word' id='word_1_159' title='bbox 262 2414 373 2446; x_wconf 89' lang='lat' dir='ltr'>Omnis</span> <span class='ocrx_word' id='word_1_160' title='bbox 400 2424 473 2447; x_wconf 88' lang='lat' dir='ltr'>caro</span> <span class='ocrx_word' id='word_1_161' title='bbox 500 2416 705 2448; x_wconf 85' lang='lat' dir='ltr'>dissolvatur.</span> 
     </span>
    </p>
   </div>
   <div class='ocr_carea' id='block_1_18' title="bbox 888 226 920 255">
    <p class='ocr_par' dir='ltr' id='par_1_20' title="bbox 888 226 920 255">
     <span class='ocr_line' id='line_1_47' title="bbox 888 226 920 255; baseline 0 0"><span class='ocrx_word' id='word_1_162' title='bbox 888 226 920 255; x_wconf 88' lang='grc'>5.</span> 
     </span>
    </p>
   </div>
   <div class='ocr_carea' id='block_1_19' title="bbox 888 533 920 565">
    <p class='ocr_par' dir='ltr' id='par_1_21' title="bbox 888 533 920 565">
     <span class='ocr_line' id='line_1_48' title="bbox 888 533 920 565; baseline -0.031 0"><span class='ocrx_word' id='word_1_163' title='bbox 888 533 920 565; x_wconf 90' lang='grc'>6.</span> 
     </span>
    </p>
   </div>
   <div class='ocr_carea' id='block_1_20' title="bbox 874 2179 927 2212">
    <p class='ocr_par' dir='ltr' id='par_1_22' title="bbox 874 2179 927 2212">
     <span class='ocr_line' id='line_1_49' title="bbox 874 2179 927 2212; baseline 0 0"><span class='ocrx_word' id='word_1_164' title='bbox 874 2179 927 2212; x_wconf 90' lang='grc'>10.</span> 
     </span>
    </p>
   </div>
   <div class='ocr_carea' id='block_1_21' title="bbox 946 222 1479 495">
    <p class='ocr_par' dir='ltr' id='par_1_23' title="bbox 948 222 1372 258">
     <span class='ocr_line' id='line_1_50' title="bbox 948 222 1372 258; baseline -0.014 -4"><span class='ocrx_word' id='word_1_165' title='bbox 948 223 983 254; x_wconf 88' lang='lat' dir='ltr'>In</span> <span class='ocrx_word' id='word_1_166' title='bbox 1010 222 1059 253; x_wconf 89' lang='lat' dir='ltr'>ira</span> <span class='ocrx_word' id='word_1_167' title='bbox 1083 229 1147 253; x_wconf 91' lang='lat' dir='ltr'>non</span> <span class='ocrx_word' id='word_1_168' title='bbox 1171 227 1222 250; x_wconf 91' lang='lat' dir='ltr'>me</span> <span class='ocrx_word' id='word_1_169' title='bbox 1247 226 1372 258; x_wconf 86' lang='lat' dir='ltr'>arguas,</span> 
     </span>
    </p>

    <p class='ocr_par' dir='ltr' id='par_1_24' title="bbox 946 265 1321 357">
     <span class='ocr_line' id='line_1_51' title="bbox 947 265 1321 309; baseline -0.013 -8"><span class='ocrx_word' id='word_1_170' title='bbox 947 269 1004 301; x_wconf 92' lang='lat' dir='ltr'>Pie</span> <span class='ocrx_word' id='word_1_171' title='bbox 1026 276 1124 309; x_wconf 89' lang='lat' dir='ltr'>parce</span> <span class='ocrx_word' id='word_1_172' title='bbox 1149 265 1321 308; x_wconf 82' lang='lat' dir='ltr'>peccatori,</span> 
     </span>
     <span class='ocr_line' id='line_1_52' title="bbox 946 314 1281 357; baseline -0.015 -8"><span class='ocrx_word' id='word_1_173' title='bbox 946 317 1136 357; x_wconf 88' lang='lat' dir='ltr'>Iniquitates</span> <span class='ocrx_word' id='word_1_174' title='bbox 1163 314 1281 355; x_wconf 87' lang='lat' dir='ltr'>deleas,</span> 
     </span>
    </p>

    <p class='ocr_par' dir='ltr' id='par_1_25' title="bbox 946 359 1381 451">
     <span class='ocr_line' id='line_1_53' title="bbox 947 359 1381 400; baseline -0.014 -4"><span class='ocrx_word' id='word_1_175' title='bbox 947 364 1020 396; x_wconf 89' lang='lat' dir='ltr'>Tibi</span> <span class='ocrx_word' id='word_1_176' title='bbox 1046 364 1148 395; x_wconf 92' lang='lat' dir='ltr'>honor</span> <span class='ocrx_word' id='word_1_177' title='bbox 1172 359 1381 400; x_wconf 86' lang='lat' dir='ltr'>redemptori,</span> 
     </span>
     <span class='ocr_line' id='line_1_54' title="bbox 946 409 1349 451; baseline -0.012 -7"><span class='ocrx_word' id='word_1_178' title='bbox 946 413 1144 451; x_wconf 87' lang='lat' dir='ltr'>Peccataque</span> <span class='ocrx_word' id='word_1_179' title='bbox 1168 409 1349 448; x_wconf 86' lang='lat' dir='ltr'>indulgeas,</span> 
     </span>
    </p>

    <p class='ocr_par' dir='ltr' id='par_1_26' title="bbox 946 454 1479 495">
     <span class='ocr_line' id='line_1_55' title="bbox 946 454 1479 495; baseline -0.009 -3"><span class='ocrx_word' id='word_1_180' title='bbox 946 460 995 491; x_wconf 89' lang='lat' dir='ltr'>Tu</span> <span class='ocrx_word' id='word_1_181' title='bbox 1021 469 1083 491; x_wconf 91' lang='lat' dir='ltr'>non</span> <span class='ocrx_word' id='word_1_182' title='bbox 1110 458 1220 490; x_wconf 85' lang='lat' dir='ltr'>tradas</span> <span class='ocrx_word' id='word_1_183' title='bbox 1245 465 1295 488; x_wconf 90' lang='lat' dir='ltr'>me</span> <span class='ocrx_word' id='word_1_184' title='bbox 1319 454 1479 495; x_wconf 81' lang='lat' dir='ltr'>languori.</span> 
     </span>
    </p>
   </div>
   <div class='ocr_carea' id='block_1_22' title="bbox 944 530 1443 807">
    <p class='ocr_par' dir='ltr' id='par_1_27' title="bbox 946 530 1443 667">
     <span class='ocr_line' id='line_1_56' title="bbox 946 530 1305 570; baseline -0.011 -7"><span class='ocrx_word' id='word_1_185' title='bbox 946 531 1113 570; x_wconf 89' lang='lat' dir='ltr'>Miserere,</span> <span class='ocrx_word' id='word_1_186' title='bbox 1141 530 1305 569; x_wconf 89' lang='lat' dir='ltr'>miserere,</span> 
     </span>
     <span class='ocr_line' id='line_1_57' title="bbox 946 577 1443 618; baseline -0.01 -8"><span class='ocrx_word' id='word_1_187' title='bbox 946 578 1161 618; x_wconf 88' lang='lat' dir='ltr'>Recognosco,</span> <span class='ocrx_word' id='word_1_188' title='bbox 1185 585 1254 608; x_wconf 88' lang='lat' dir='ltr'>sum</span> <span class='ocrx_word' id='word_1_189' title='bbox 1280 577 1443 616; x_wconf 82' lang='lat' dir='ltr'>peccator,</span> 
     </span>
     <span class='ocr_line' id='line_1_58' title="bbox 946 624 1306 667; baseline -0.006 -10"><span class='ocrx_word' id='word_1_190' title='bbox 946 625 1114 667; x_wconf 84' lang='lat' dir='ltr'>Miserere,</span> <span class='ocrx_word' id='word_1_191' title='bbox 1142 624 1306 664; x_wconf 83' lang='lat' dir='ltr'>miserere,</span> 
     </span>
    </p>

    <p class='ocr_par' dir='ltr' id='par_1_28' title="bbox 944 671 1401 807">
     <span class='ocr_line' id='line_1_59' title="bbox 946 671 1355 712; baseline -0.007 -8"><span class='ocrx_word' id='word_1_192' title='bbox 946 673 994 704; x_wconf 88' lang='lat' dir='ltr'>Tu</span> <span class='ocrx_word' id='word_1_193' title='bbox 1020 681 1053 703; x_wconf 93' lang='lat' dir='ltr'>es</span> <span class='ocrx_word' id='word_1_194' title='bbox 1078 672 1150 711; x_wconf 89' lang='lat' dir='ltr'>pius</span> <span class='ocrx_word' id='word_1_195' title='bbox 1177 671 1355 712; x_wconf 88' lang='lat' dir='ltr'>miserator,</span> 
     </span>
     <span class='ocr_line' id='line_1_60' title="bbox 946 719 1401 758; baseline -0.007 -7"><span class='ocrx_word' id='word_1_196' title='bbox 946 720 1060 751; x_wconf 89' lang='lat' dir='ltr'>Dicam</span> <span class='ocrx_word' id='word_1_197' title='bbox 1085 727 1213 758; x_wconf 90' lang='lat' dir='ltr'>semper</span> <span class='ocrx_word' id='word_1_198' title='bbox 1238 719 1401 758; x_wconf 86' lang='lat' dir='ltr'>miserere,</span> 
     </span>
     <span class='ocr_line' id='line_1_61' title="bbox 944 766 1387 807; baseline -0.005 -8"><span class='ocrx_word' id='word_1_199' title='bbox 944 767 1053 800; x_wconf 88' lang='lat' dir='ltr'>Malus</span> <span class='ocrx_word' id='word_1_200' title='bbox 1079 775 1147 807; x_wconf 86' lang='lat' dir='ltr'>ego,</span> <span class='ocrx_word' id='word_1_201' title='bbox 1174 770 1208 797; x_wconf 87' lang='lat' dir='ltr'>tu</span> <span class='ocrx_word' id='word_1_202' title='bbox 1234 766 1387 797; x_wconf 87' lang='lat' dir='ltr'>salvator.</span> 
     </span>
    </p>
   </div>
   <div class='ocr_carea' id='block_1_23' title="bbox 947 862 1454 1116">
    <p class='ocr_par' dir='ltr' id='par_1_29' title="bbox 947 862 1185 896">
     <span class='ocr_line' id='line_1_62' title="bbox 947 862 1185 896; baseline -0.008 -1"><span class='ocrx_word' id='word_1_203' title='bbox 947 863 1037 896; x_wconf 84' lang='lat' dir='ltr'>finali</span> <span class='ocrx_word' id='word_1_204' title='bbox 1060 862 1185 894; x_wconf 86' lang='lat' dir='ltr'>iudicio.</span> 
     </span>
    </p>

    <p class='ocr_par' dir='ltr' id='par_1_30' title="bbox 951 933 1454 1116">
     <span class='ocr_line' id='line_1_63' title="bbox 952 933 1454 974; baseline -0.006 -7"><span class='ocrx_word' id='word_1_205' title='bbox 952 935 1059 967; x_wconf 83' lang='lat' dir='ltr'>Erunt</span> <span class='ocrx_word' id='word_1_206' title='bbox 1083 933 1212 974; x_wconf 90' lang='lat' dir='ltr'>quidem</span> <span class='ocrx_word' id='word_1_207' title='bbox 1237 933 1339 965; x_wconf 85' lang='lat' dir='ltr'>multa</span> <span class='ocrx_word' id='word_1_208' title='bbox 1363 933 1454 973; x_wconf 84' lang='lat' dir='ltr'>signa</span> 
     </span>
     <span class='ocr_line' id='line_1_64' title="bbox 952 981 1298 1022; baseline -0.012 -7"><span class='ocrx_word' id='word_1_209' title='bbox 952 985 1039 1015; x_wconf 88' lang='lat' dir='ltr'>Ante</span> <span class='ocrx_word' id='word_1_210' title='bbox 1066 983 1148 1014; x_wconf 89' lang='lat' dir='ltr'>diem</span> <span class='ocrx_word' id='word_1_211' title='bbox 1175 981 1298 1022; x_wconf 89' lang='lat' dir='ltr'>iudicii,</span> 
     </span>
     <span class='ocr_line' id='line_1_65' title="bbox 951 1028 1430 1070; baseline -0.006 -8"><span class='ocrx_word' id='word_1_212' title='bbox 951 1031 1176 1070; x_wconf 88' lang='lat' dir='ltr'>Decerpentur</span> <span class='ocrx_word' id='word_1_213' title='bbox 1202 1032 1317 1060; x_wconf 85' lang='lat' dir='ltr'>cuncta</span> <span class='ocrx_word' id='word_1_214' title='bbox 1342 1028 1430 1068; x_wconf 84' lang='lat' dir='ltr'>ligna</span> 
     </span>
     <span class='ocr_line' id='line_1_66' title="bbox 952 1076 1286 1116; baseline -0.012 -6"><span class='ocrx_word' id='word_1_215' title='bbox 952 1078 997 1110; x_wconf 89' lang='lat' dir='ltr'>Et</span> <span class='ocrx_word' id='word_1_216' title='bbox 1021 1083 1110 1110; x_wconf 83' lang='lat' dir='ltr'>actus</span> <span class='ocrx_word' id='word_1_217' title='bbox 1137 1076 1286 1116; x_wconf 81' lang='lat' dir='ltr'>aedificii,</span> 
     </span>
    </p>
   </div>
   <div class='ocr_carea' id='block_1_24' title="bbox 955 1124 1391 1213">
    <p class='ocr_par' dir='ltr' id='par_1_31' title="bbox 955 1124 1391 1213">
     <span class='ocr_line' id='line_1_67' title="bbox 955 1124 1348 1164; baseline -0.008 -6"><span class='ocrx_word' id='word_1_218' title='bbox 955 1126 1111 1159; x_wconf 85' lang='lat' dir='ltr'>Creatura</span> <span class='ocrx_word' id='word_1_219' title='bbox 1136 1125 1223 1156; x_wconf 83' lang='lat' dir='ltr'>nulla</span> <span class='ocrx_word' id='word_1_220' title='bbox 1252 1124 1348 1164; x_wconf 86' lang='lat' dir='ltr'>digna</span> 
     </span>
     <span class='ocr_line' id='line_1_68' title="bbox 955 1170 1391 1213; baseline -0.002 -7"><span class='ocrx_word' id='word_1_221' title='bbox 955 1173 1075 1206; x_wconf 70' lang='lat' dir='ltr'>Contra</span> <span class='ocrx_word' id='word_1_222' title='bbox 1100 1173 1253 1213; x_wconf 87' lang='lat' dir='ltr'>impetum</span> <span class='ocrx_word' id='word_1_223' title='bbox 1280 1170 1391 1205; x_wconf 87' lang='lat' dir='ltr'>officii.</span> 
     </span>
    </p>
   </div>
   <div class='ocr_carea' id='block_1_25' title="bbox 952 1243 1489 1525">
    <p class='ocr_par' dir='ltr' id='par_1_32' title="bbox 952 1243 1489 1525">
     <span class='ocr_line' id='line_1_69' title="bbox 955 1243 1453 1283; baseline -0.006 -6"><span class='ocrx_word' id='word_1_224' title='bbox 955 1245 981 1277; x_wconf 90' lang='lat' dir='ltr'>T</span> <span class='ocrx_word' id='word_1_225' title='bbox 984 1254 1108 1277; x_wconf 89' lang='lat' dir='ltr'>remens</span> <span class='ocrx_word' id='word_1_226' title='bbox 1135 1245 1198 1276; x_wconf 91' lang='lat' dir='ltr'>erit</span> <span class='ocrx_word' id='word_1_227' title='bbox 1222 1244 1324 1276; x_wconf 91' lang='lat' dir='ltr'>omnis</span> <span class='ocrx_word' id='word_1_228' title='bbox 1350 1243 1453 1283; x_wconf 89' lang='lat' dir='ltr'>homo,</span> 
     </span>
     <span class='ocr_line' id='line_1_70' title="bbox 956 1292 1488 1334; baseline -0.006 -9"><span class='ocrx_word' id='word_1_229' title='bbox 956 1292 1093 1334; x_wconf 81' lang='lat' dir='ltr'>Cryptas</span> <span class='ocrx_word' id='word_1_230' title='bbox 1107 1301 1263 1332; x_wconf 84' lang='lat' dir='ltr'>quaerens</span> <span class='ocrx_word' id='word_1_231' title='bbox 1278 1296 1310 1323; x_wconf 82' lang='lat' dir='ltr'>et</span> <span class='ocrx_word' id='word_1_232' title='bbox 1323 1300 1488 1333; x_wconf 85' lang='lat' dir='ltr'>cavernas,</span> 
     </span>
     <span class='ocr_line' id='line_1_71' title="bbox 953 1336 1489 1383; baseline -0.006 -11"><span class='ocrx_word' id='word_1_233' title='bbox 953 1340 1027 1372; x_wconf 82' lang='lat' dir='ltr'>Non</span> <span class='ocrx_word' id='word_1_234' title='bbox 1044 1336 1232 1383; x_wconf 87' lang='lat' dir='ltr'>stabit[que]</span> <span class='ocrx_word' id='word_1_235' title='bbox 1252 1339 1322 1379; x_wconf 84' lang='lat' dir='ltr'>quis</span> <span class='ocrx_word' id='word_1_236' title='bbox 1335 1340 1368 1370; x_wconf 88' lang='lat' dir='ltr'>in</span> <span class='ocrx_word' id='word_1_237' title='bbox 1385 1339 1489 1378; x_wconf 88' lang='lat' dir='ltr'>domo,</span> 
     </span>
     <span class='ocr_line' id='line_1_72' title="bbox 952 1388 1446 1428; baseline -0.002 -9"><span class='ocrx_word' id='word_1_238' title='bbox 952 1388 1027 1428; x_wconf 84' lang='lat' dir='ltr'>Quis</span> <span class='ocrx_word' id='word_1_239' title='bbox 1052 1388 1188 1419; x_wconf 85' lang='lat' dir='ltr'>intrabit</span> <span class='ocrx_word' id='word_1_240' title='bbox 1211 1388 1244 1418; x_wconf 89' lang='lat' dir='ltr'>in</span> <span class='ocrx_word' id='word_1_241' title='bbox 1271 1389 1446 1425; x_wconf 82' lang='lat' dir='ltr'>cisternas;</span> 
     </span>
     <span class='ocr_line' id='line_1_73' title="bbox 952 1433 1483 1479; baseline -0.004 -11"><span class='ocrx_word' id='word_1_242' title='bbox 952 1437 1068 1479; x_wconf 80' lang='lat' dir='ltr'>Adam,</span> <span class='ocrx_word' id='word_1_243' title='bbox 1096 1436 1171 1475; x_wconf 89' lang='lat' dir='ltr'>quid</span> <span class='ocrx_word' id='word_1_244' title='bbox 1198 1435 1340 1475; x_wconf 87' lang='lat' dir='ltr'>peccasti</span> <span class='ocrx_word' id='word_1_245' title='bbox 1364 1433 1483 1475; x_wconf 81' lang='lat' dir='ltr'>pomo?</span> 
     </span>
     <span class='ocr_line' id='line_1_74' title="bbox 952 1483 1488 1525; baseline -0.004 -9"><span class='ocrx_word' id='word_1_246' title='bbox 952 1484 1050 1525; x_wconf 81' lang='lat' dir='ltr'>Deus,</span> <span class='ocrx_word' id='word_1_247' title='bbox 1076 1492 1185 1515; x_wconf 85' lang='lat' dir='ltr'>servos</span> <span class='ocrx_word' id='word_1_248' title='bbox 1203 1493 1266 1515; x_wconf 90' lang='lat' dir='ltr'>non</span> <span class='ocrx_word' id='word_1_249' title='bbox 1282 1487 1318 1514; x_wconf 93' lang='lat' dir='ltr'>tu</span> <span class='ocrx_word' id='word_1_250' title='bbox 1335 1483 1488 1522; x_wconf 87' lang='lat' dir='ltr'>spernas!</span> 
     </span>
    </p>
   </div>
   <div class='ocr_carea' id='block_1_26' title="bbox 919 1555 1343 1589">
    <p class='ocr_par' dir='ltr' id='par_1_33' title="bbox 919 1555 1343 1589">
     <span class='ocr_line' id='line_1_75' title="bbox 919 1555 1343 1589; baseline -0.007 0"><span class='ocrx_word' id='word_1_251' title='bbox 919 1581 927 1589; x_wconf 92' lang='lat'>.</span> <span class='ocrx_word' id='word_1_252' title='bbox 952 1555 1150 1588; x_wconf 85' lang='lat' dir='ltr'>Destruxisti</span> <span class='ocrx_word' id='word_1_253' title='bbox 1177 1555 1343 1587; x_wconf 89' lang='lat' dir='ltr'>moriendo</span> 
     </span>
    </p>
   </div>
   <div class='ocr_carea' id='block_1_27' title="bbox 952 1600 1512 1835">
    <p class='ocr_par' dir='ltr' id='par_1_34' title="bbox 952 1600 1512 1835">
     <span class='ocr_line' id='line_1_76' title="bbox 954 1600 1512 1647; baseline -0.002 -12"><span class='ocrx_word' id='word_1_254' title='bbox 954 1604 1002 1635; x_wconf 87' lang='lat' dir='ltr'>Tu</span> <span class='ocrx_word' id='word_1_255' title='bbox 1010 1600 1110 1647; x_wconf 89' lang='lat' dir='ltr'>[nam]</span> <span class='ocrx_word' id='word_1_256' title='bbox 1120 1607 1207 1635; x_wconf 86' lang='lat' dir='ltr'>certe</span> <span class='ocrx_word' id='word_1_257' title='bbox 1215 1607 1356 1635; x_wconf 88' lang='lat' dir='ltr'>nostram</span> <span class='ocrx_word' id='word_1_258' title='bbox 1362 1607 1512 1643; x_wconf 84' lang='lat' dir='ltr'>mortem,</span> 
     </span>
     <span class='ocr_line' id='line_1_77' title="bbox 952 1651 1350 1693; baseline -0.003 -10"><span class='ocrx_word' id='word_1_259' title='bbox 952 1651 1125 1691; x_wconf 83' lang='lat' dir='ltr'>Reparasti</span> <span class='ocrx_word' id='word_1_260' title='bbox 1151 1651 1350 1693; x_wconf 88' lang='lat' dir='ltr'>resurgendo</span> 
     </span>
     <span class='ocr_line' id='line_1_78' title="bbox 952 1698 1490 1739; baseline 0 -9"><span class='ocrx_word' id='word_1_261' title='bbox 952 1698 1105 1731; x_wconf 83' lang='lat' dir='ltr'>Nostram</span> <span class='ocrx_word' id='word_1_262' title='bbox 1127 1699 1227 1731; x_wconf 89' lang='lat' dir='ltr'>vitam</span> <span class='ocrx_word' id='word_1_263' title='bbox 1244 1702 1341 1739; x_wconf 86' lang='lat' dir='ltr'>atque</span> <span class='ocrx_word' id='word_1_264' title='bbox 1359 1702 1490 1739; x_wconf 89' lang='lat' dir='ltr'>sortem,</span> 
     </span>
     <span class='ocr_line' id='line_1_79' title="bbox 953 1747 1384 1787; baseline 0 -9"><span class='ocrx_word' id='word_1_265' title='bbox 953 1747 1003 1779; x_wconf 89' lang='lat' dir='ltr'>Tu</span> <span class='ocrx_word' id='word_1_266' title='bbox 1027 1750 1164 1787; x_wconf 83' lang='lat' dir='ltr'>peccata</span> <span class='ocrx_word' id='word_1_267' title='bbox 1192 1747 1384 1779; x_wconf 88' lang='lat' dir='ltr'>dimittendo</span> 
     </span>
     <span class='ocr_line' id='line_1_80' title="bbox 952 1794 1490 1835; baseline 0.004 -9"><span class='ocrx_word' id='word_1_268' title='bbox 952 1795 1060 1835; x_wconf 88' lang='lat' dir='ltr'>Atque</span> <span class='ocrx_word' id='word_1_269' title='bbox 1069 1798 1211 1827; x_wconf 86' lang='lat' dir='ltr'>nostram</span> <span class='ocrx_word' id='word_1_270' title='bbox 1219 1804 1354 1835; x_wconf 86' lang='lat' dir='ltr'>poenam</span> <span class='ocrx_word' id='word_1_271' title='bbox 1362 1794 1490 1829; x_wconf 85' lang='lat' dir='ltr'>fortem.</span> 
     </span>
    </p>
   </div>
   <div class='ocr_carea' id='block_1_28' title="bbox 920 1867 1417 1909">
    <p class='ocr_par' dir='ltr' id='par_1_35' title="bbox 920 1867 1417 1909">
     <span class='ocr_line' id='line_1_81' title="bbox 920 1867 1417 1909; baseline 0 -9"><span class='ocrx_word' id='word_1_272' title='bbox 920 1893 926 1900; x_wconf 97' lang='lat'>.</span> <span class='ocrx_word' id='word_1_273' title='bbox 953 1867 1017 1899; x_wconf 87' lang='lat' dir='ltr'>Hic</span> <span class='ocrx_word' id='word_1_274' title='bbox 1042 1868 1170 1899; x_wconf 89' lang='lat' dir='ltr'>sedebit</span> <span class='ocrx_word' id='word_1_275' title='bbox 1193 1868 1292 1900; x_wconf 84' lang='lat' dir='ltr'>iudex</span> <span class='ocrx_word' id='word_1_276' title='bbox 1317 1877 1417 1909; x_wconf 80' lang='lat' dir='ltr'>sagax</span> 
     </span>
    </p>
   </div>
   <div class='ocr_carea' id='block_1_29' title="bbox 952 1915 1443 2149">
    <p class='ocr_par' dir='ltr' id='par_1_36' title="bbox 952 1915 1441 2053">
     <span class='ocr_line' id='line_1_82' title="bbox 952 1915 1313 1957; baseline 0.003 -10"><span class='ocrx_word' id='word_1_277' title='bbox 952 1915 1106 1948; x_wconf 84' lang='lat' dir='ltr'>Rationes</span> <span class='ocrx_word' id='word_1_278' title='bbox 1132 1916 1313 1957; x_wconf 89' lang='lat' dir='ltr'>auditurus,</span> 
     </span>
     <span class='ocr_line' id='line_1_83' title="bbox 952 1963 1441 2005; baseline 0.004 -11"><span class='ocrx_word' id='word_1_279' title='bbox 952 1963 1199 1996; x_wconf 86' lang='lat' dir='ltr'>Demonstrabit</span> <span class='ocrx_word' id='word_1_280' title='bbox 1230 1974 1304 1996; x_wconf 85' lang='lat' dir='ltr'>suas</span> <span class='ocrx_word' id='word_1_281' title='bbox 1327 1964 1441 2005; x_wconf 85' lang='lat' dir='ltr'>plagas</span> 
     </span>
     <span class='ocr_line' id='line_1_84' title="bbox 952 2011 1336 2053; baseline 0.003 -10"><span class='ocrx_word' id='word_1_282' title='bbox 952 2011 1138 2044; x_wconf 88' lang='lat' dir='ltr'>Passionem</span> <span class='ocrx_word' id='word_1_283' title='bbox 1164 2013 1336 2053; x_wconf 91' lang='lat' dir='ltr'>relaturus,</span> 
     </span>
    </p>

    <p class='ocr_par' dir='ltr' id='par_1_37' title="bbox 954 2059 1443 2149">
     <span class='ocr_line' id='line_1_85' title="bbox 954 2059 1443 2101; baseline 0.004 -11"><span class='ocrx_word' id='word_1_284' title='bbox 954 2059 1018 2091; x_wconf 85' lang='lat' dir='ltr'>Hic</span> <span class='ocrx_word' id='word_1_285' title='bbox 1043 2060 1206 2092; x_wconf 89' lang='lat' dir='ltr'>discernet</span> <span class='ocrx_word' id='word_1_286' title='bbox 1232 2061 1299 2092; x_wconf 89' lang='lat' dir='ltr'>vias</span> <span class='ocrx_word' id='word_1_287' title='bbox 1325 2070 1443 2101; x_wconf 88' lang='lat' dir='ltr'>pravas</span> 
     </span>
     <span class='ocr_line' id='line_1_86' title="bbox 955 2107 1390 2149; baseline 0.007 -10"><span class='ocrx_word' id='word_1_288' title='bbox 955 2107 1060 2139; x_wconf 77' lang='lat' dir='ltr'>Nimis</span> <span class='ocrx_word' id='word_1_289' title='bbox 1086 2109 1170 2140; x_wconf 86' lang='lat' dir='ltr'>iuste</span> <span class='ocrx_word' id='word_1_290' title='bbox 1195 2108 1390 2149; x_wconf 80' lang='lat' dir='ltr'>cogniturus,</span> 
     </span>
    </p>
   </div>
   <div class='ocr_carea' id='block_1_30' title="bbox 955 2180 1492 2451">
    <p class='ocr_par' dir='ltr' id='par_1_38' title="bbox 957 2180 1388 2221">
     <span class='ocr_line' id='line_1_87' title="bbox 957 2180 1388 2221; baseline 0 -9"><span class='ocrx_word' id='word_1_291' title='bbox 957 2180 1121 2220; x_wconf 86' lang='lat' dir='ltr'>Legentur</span> <span class='ocrx_word' id='word_1_292' title='bbox 1148 2184 1264 2212; x_wconf 82' lang='lat' dir='ltr'>cuncta</span> <span class='ocrx_word' id='word_1_293' title='bbox 1288 2190 1388 2221; x_wconf 88' lang='lat' dir='ltr'>opera</span> 
     </span>
    </p>

    <p class='ocr_par' dir='ltr' id='par_1_39' title="bbox 955 2224 1492 2412">
     <span class='ocr_line' id='line_1_88' title="bbox 955 2224 1492 2272; baseline 0.004 -13"><span class='ocrx_word' id='word_1_294' title='bbox 955 2227 1020 2259; x_wconf 90' lang='lat' dir='ltr'>Per</span> <span class='ocrx_word' id='word_1_295' title='bbox 1034 2228 1183 2259; x_wconf 86' lang='lat' dir='ltr'>custodes</span> <span class='ocrx_word' id='word_1_296' title='bbox 1197 2224 1301 2272; x_wconf 90' lang='lat' dir='ltr'>[tunc]</span> <span class='ocrx_word' id='word_1_297' title='bbox 1317 2229 1492 2271; x_wconf 89' lang='lat' dir='ltr'>hominum,</span> 
     </span>
     <span class='ocr_line' id='line_1_89' title="bbox 956 2274 1285 2314; baseline 0 -8"><span class='ocrx_word' id='word_1_298' title='bbox 956 2274 1162 2314; x_wconf 89' lang='lat' dir='ltr'>Servitiaque</span> <span class='ocrx_word' id='word_1_299' title='bbox 1187 2283 1285 2306; x_wconf 87' lang='lat' dir='ltr'>onera</span> 
     </span>
     <span class='ocr_line' id='line_1_90' title="bbox 955 2322 1434 2365; baseline 0.004 -12"><span class='ocrx_word' id='word_1_300' title='bbox 955 2322 1145 2354; x_wconf 82' lang='lat' dir='ltr'>Scienturve</span> <span class='ocrx_word' id='word_1_301' title='bbox 1168 2330 1227 2362; x_wconf 89' lang='lat' dir='ltr'>per</span> <span class='ocrx_word' id='word_1_302' title='bbox 1253 2322 1434 2365; x_wconf 89' lang='lat' dir='ltr'>Dominum,</span> 
     </span>
     <span class='ocr_line' id='line_1_91' title="bbox 956 2369 1373 2412; baseline 0.005 -12"><span class='ocrx_word' id='word_1_303' title='bbox 956 2369 1128 2401; x_wconf 87' lang='lat' dir='ltr'>Retribuet</span> <span class='ocrx_word' id='word_1_304' title='bbox 1151 2369 1205 2400; x_wconf 90' lang='lat' dir='ltr'>hic</span> <span class='ocrx_word' id='word_1_305' title='bbox 1231 2378 1373 2412; x_wconf 84' lang='lat' dir='ltr'>munera,</span> 
     </span>
    </p>

    <p class='ocr_par' dir='ltr' id='par_1_40' title="bbox 957 2416 1354 2451">
     <span class='ocr_line' id='line_1_92' title="bbox 957 2416 1354 2451; baseline 0.003 -2"><span class='ocrx_word' id='word_1_306' title='bbox 957 2417 1003 2449; x_wconf 92' lang='lat' dir='ltr'>Ut</span> <span class='ocrx_word' id='word_1_307' title='bbox 1029 2416 1145 2448; x_wconf 86' lang='lat' dir='ltr'>rationi</span> <span class='ocrx_word' id='word_1_308' title='bbox 1172 2425 1354 2451; x_wconf 88' lang='lat' dir='ltr'>consonum.</span> 
     </span>
    </p>
   </div>
  </div>
 </body>
</html>
