1651 2700
745 161 789 166 —
841 139 1006 175 248—-

567 239 597 271 7.
624 237 673 269 Tu
700 237 904 277 dignissimus
930 237 1061 277 honore,

625 285 790 325 Cantuque
815 285 922 326 laude,
946 285 1057 327 gloria,

623 333 690 366 Nos
717 331 873 365 defendas
897 333 931 364 in
956 332 1078 364 honore

624 381 690 413 Nos
717 384 828 412 tenens
853 381 887 412 in
912 381 1058 421 victoria,

622 429 699 461 Pius
725 429 768 460 sis
792 429 826 460 in
851 431 1032 470 peccatore,

622 477 812 509 Nostrorum
838 477 882 508 sis
907 476 1070 508 memoria.

560 574 605 604 97.
646 573 780 612 Hymnus
801 581 858 604 seu
876 573 978 604 oratio
1001 572 1040 603 ad
1059 572 1165 603 Deum.

220 644 250 676 1.
275 644 362 676 Deus
387 652 485 685 meus,
512 647 623 676 auctor
647 644 736 683 pacis

277 691 323 723 Et
346 691 500 723 bonorum
527 700 560 723 es
587 691 731 732 largitor,

278 738 377 770 Fidos
403 741 438 770 tu
462 747 595 779 regnare
621 738 712 778 facis,

280 785 366 817 Vivit
389 788 524 826 tuusque
548 786 696 826 servitor,

276 833 322 865 Es
348 838 471 866 amator
494 834 650 874 veritatis,

277 880 356 912 Esto
381 881 459 912 mihi
481 883 516 913 tu
540 884 713 921 protector.

247 980 253 985 .
279 951 376 994 Deus,
405 961 474 983 cum
500 961 568 983 sum
593 961 776 984 recessurus

277 999 327 1031 De
351 1000 412 1031 hoc
434 1000 597 1039 praesenti
621 1000 759 1039 saeculo,

279 1046 330 1078 Sis
355 1046 492 1086 benigne
516 1050 702 1087 recepturus

277 1094 322 1126 Et
345 1103 396 1125 me
419 1097 454 1125 tu
479 1094 568 1126 salva
594 1095 708 1136 denuo,

276 1141 351 1173 Non
375 1142 419 1173 sis
446 1145 558 1173 cuncta
584 1142 784 1173 discussurus

277 1185 333 1220 De
355 1191 524 1228 peccatore
547 1189 649 1221 devio.

245 1283 252 1291 .
278 1260 347 1291 Iam
372 1260 504 1299 peccavi
528 1260 586 1292 tibi
612 1261 672 1292 soli

275 1307 365 1338 Mala
391 1315 496 1339 coram
520 1310 615 1347 teque
640 1306 713 1344 feci,

277 1354 334 1385 Me
360 1355 509 1386 deserere
534 1359 569 1386 tu
593 1355 669 1395 noli,

276 1401 314 1433 In
338 1402 458 1433 virtute
482 1403 565 1442 quod
593 1401 705 1443 defeci,

276 1448 338 1479 Fui
364 1450 465 1481 omnis
492 1458 592 1490 capax
619 1450 694 1489 doli,

277 1496 333 1527 Me
356 1505 397 1528 ne
421 1497 532 1529 tradas
556 1506 678 1538 poenae
701 1497 782 1530 neci.

239 1592 247 1600 .
273 1567 359 1599 Mihi
386 1568 487 1599 redde
512 1569 660 1600 salutaris

274 1615 509 1655 Laetitiamque
534 1616 695 1657 gaudium,

275 1662 332 1694 Pio
358 1663 455 1694 corde
479 1664 646 1703 movearis,

276 1710 416 1742 Ostende
442 1713 529 1742 tuum
553 1711 736 1752 prandium,

274 1757 361 1790 Orna
384 1767 435 1789 me
460 1762 495 1790 tu
517 1759 612 1790 rebus
640 1759 745 1800 claris,

270 1805 343 1837 Non
369 1806 429 1837 sim
453 1806 486 1837 in
511 1809 605 1838 nocte
630 1806 772 1839 vallium.

241 1901 248 1908 .
274 1876 323 1908 Tu
349 1877 474 1917 generis
499 1877 649 1910 nobilitas

271 1924 382 1964 Tuque
406 1928 495 1956 actus
520 1926 563 1957 ad
587 1927 793 1970 parcendum,

272 1971 321 2003 Tu
345 1972 431 2004 solus
458 1981 490 2004 es
516 1972 694 2013 benignitas

271 2019 382 2059 Tuque
399 2020 534 2059 praebes
552 2021 593 2052 ad
611 2023 825 2065 gaudendum,

271 2067 319 2098 Tu
346 2067 472 2108 donum,
499 2077 621 2101 summa
645 2070 789 2111 largitas,

268 2114 379 2155 Tuque
405 2116 504 2148 donas
530 2117 571 2148 ad
597 2117 781 2151 videndum.

931 645 962 677 6.
989 644 1038 675 Tu
1063 643 1310 682 misericorsque
1336 642 1475 673 clemens

900 1882 953 1915 10.

987 691 1099 730 Tuque
1124 691 1195 730 pius
1221 690 1401 731 miserator,

986 739 1036 770 Tu
1061 739 1181 779 gratias
1208 737 1400 777 retribuenS,

986 786 1036 817 Tu
1062 794 1095 817 es
1121 786 1207 817 mitis
1231 787 1263 816 et
1288 787 1422 826 amator,

986 833 1035 865 Tu
1060 833 1151 865 nobis
1179 842 1212 865 es
1238 832 1444 875 compatiens,

988 881 1038 912 Tu
1062 883 1243 912 nostrorum
1272 889 1305 912 es
1331 881 1483 914 salvator.

987 954 1017 983 A
1042 954 1076 983 te
1099 952 1235 989 medela,
1262 954 1393 992 sanitas,

987 1000 1036 1032 Tu
1063 999 1178 1032 efficax
1205 999 1359 1041 defensio,

987 1049 1017 1079 A
1042 1051 1138 1088 teque
1160 1057 1259 1087 amor,
1288 1048 1416 1087 caritas,

987 1095 1037 1126 Tu
1061 1095 1199 1127 salubris
1225 1095 1405 1134 subventio,

987 1144 1017 1174 A
1042 1145 1075 1174 te
1100 1143 1222 1175 viarum
1250 1143 1393 1184 claritas,

986 1190 1035 1221 Tu
1060 1191 1201 1229 gentium
1227 1190 1418 1230 redemptio.

988 1261 1060 1293 Non
1087 1260 1220 1294 diffidas
1246 1264 1291 1301 tu,
1319 1265 1480 1302 peccator,

985 1308 1036 1340 De
1059 1310 1202 1348 peccatis
1228 1313 1259 1340 et
1286 1310 1472 1350 commissis,

986 1356 1073 1388 Deus
1098 1357 1146 1388 tui
1171 1357 1351 1396 miserator,

986 1403 1019 1436 Si
1046 1405 1202 1436 contritus
1228 1413 1261 1436 es
1285 1405 1319 1436 in
1343 1405 1435 1444 ipsis,

985 1451 1047 1483 Est
1073 1449 1149 1495 [hic]
1177 1453 1287 1492 tuique
1311 1453 1463 1496 salvator,

985 1498 1020 1531 Si
1044 1499 1150 1539 ipsum
1175 1501 1290 1532 timens
1313 1500 1429 1541 diligis.

952 1596 959 1603 .
985 1571 1073 1603 Deus
1099 1573 1225 1611 quaerit
1250 1581 1305 1604 cor
1330 1573 1504 1604 contritum

982 1618 1028 1651 Et
1051 1619 1105 1651 hic
1129 1620 1249 1652 humile
1274 1629 1337 1652 non
1362 1620 1498 1661 spernit,

986 1666 1021 1698 Si
1044 1668 1193 1706 peccavit
1216 1667 1387 1710 infinitum,

981 1714 1101 1755 Legem
1126 1715 1189 1747 Dei
1213 1725 1276 1748 non
1305 1716 1470 1756 discernit,

984 1762 1185 1795 Paenitentia
1209 1765 1377 1805 munitum,

981 1809 1069 1842 Deus
1086 1820 1178 1852 quem
1197 1812 1388 1845 salvandum
1405 1813 1520 1849 cernit.

981 1882 1056 1923 Vos,
1082 1887 1282 1926 peccatores,
1309 1885 1396 1925 agite

980 1930 1119 1963 Contriti
1143 1932 1385 1971 paenitentiam,

980 1978 1053 2010 Non
1077 1978 1185 2021 fidem,
1212 1989 1302 2020 spem
1328 1981 1493 2024 dimittite,

979 2026 1101 2058 Tenete
1126 2027 1362 2071 confidentiam,

984 2073 1049 2106 Vos
1074 2075 1214 2107 alienum
1242 2077 1373 2110 reddite

978 2122 1024 2154 Et
1048 2124 1194 2163 quaerite
1220 2125 1433 2163 clementiam.

556 2189 610 2222 11.
637 2189 725 2222 Deus
751 2194 785 2222 tu
813 2193 995 2236 creationis,

635 2237 691 2269 Me
714 2241 750 2270 tu
776 2248 888 2272 creans
915 2245 1107 2284 creaturam,

632 2285 722 2318 Deus
747 2290 782 2318 tu
810 2288 1001 2331 dilectionis,

635 2333 691 2365 Me
716 2333 769 2366 fac
793 2335 897 2375 ipsam
922 2337 1126 2383 laetaturam,

632 2381 721 2413 Deus
746 2386 782 2414 tu
806 2384 1047 2428 redemptionis,

632 2429 688 2461 Me
713 2429 766 2462 fac
792 2440 860 2463 eam
882 2433 1098 2467 salvaturam.
