1651 2700
146 266 186 300 V.
221 265 408 305 Fustigatus
435 263 578 295 caeditur
1039 256 1248 293 Responsoria.

217 313 263 345 Et
286 313 373 354 pelle
397 312 523 344 exuitur
845 338 877 373 1·
902 336 1166 370 Bartholomaeus
1192 333 1306 364 beatus

268 360 390 393 Ordine
413 359 543 391 brutali.

336 453 383 480 Ad
401 452 581 489 Magnificat.

193 548 200 555 .
225 520 310 561 Iesu,
338 521 440 553 dulcis
465 520 611 557 Domine,

219 569 300 601 Tam
324 569 426 600 sancti
452 568 593 600 oramine

221 616 354 649 Solvens
378 626 398 648 a
422 615 571 655 ligamine

266 664 442 696 Multorum
468 671 621 701 errorum,

223 711 290 743 Nos
315 714 371 742 tua
397 710 459 742 duc
482 710 641 749 plasmata

222 758 307 790 Diva
332 758 373 789 ad
400 757 567 797 agalmata,

224 806 371 839 Colamus
397 808 433 835 ut
456 803 592 835 sabbata

269 852 389 884 Tecum
415 851 631 882 sabbatorum.

281 976 332 1007 In
359 975 390 1008 1.
416 974 647 1005 Nocturno.

363 1048 559 1084 Antiphonae.

192 1142 200 1150 .
224 1118 376 1150 Exsultat
400 1116 539 1148 viriliter

271 1165 361 1197 Sicut
386 1164 485 1204 gigaS‚
512 1162 648 1201 Christe,

226 1213 280 1244 Ad
307 1211 497 1243 currendam
519 1210 637 1250 iugiter

273 1260 365 1291 Viam
390 1259 506 1289 iustam
529 1258 601 1291 iste.

195 1370 202 1378 .
230 1344 413 1377 Calcantem
438 1342 586 1374 miseriae

273 1391 389 1423 Mundi
414 1390 507 1421 huius
536 1390 637 1421 lutum

229 1439 333 1471 Caelis
361 1438 451 1470 dedit,
471 1437 567 1468 hodie

272 1486 429 1518 Dominus
454 1484 620 1516 virtutum.

198 1600 205 1607 .
232 1572 417 1611 Principum
444 1570 578 1602 consilia

277 1619 365 1651 Deus
391 1617 588 1658 reprobavit,

229 1667 353 1699 Horum
380 1666 505 1706 quando
532 1665 640 1696 studia

276 1715 339 1747 Per
364 1714 448 1745 hunc
473 1711 659 1745 confutavit.

197 1825 205 1833 .
232 1799 346 1832 Gordis
371 1799 433 1830 iste
456 1797 587 1830 vocibus

278 1847 333 1878 Ad
358 1846 462 1878 Deum
488 1845 647 1886 clamavit,

229 1895 274 1927 Et
301 1895 340 1926 de
365 1892 594 1925 tribulantibus

280 1942 363 1974 Eum
388 1940 549 1974 liberavit.

200 2054 207 2062 .
234 2028 416 2067 Principem
443 2026 608 2059 constituit

280 2075 383 2115 Super
408 2083 532 2107 omnem
559 2073 712 2106 mundum

231 2124 330 2166 Deus,
358 2123 441 2154 sicut
464 2122 575 2164 voluit,

283 2172 434 2205 Sanctum
459 2170 556 2201 istum
582 2168 743 2202 mundum.

201 2284 207 2291 .
234 2258 303 2290 Deo
327 2260 438 2289 nostro
463 2256 604 2297 psallite,

281 2305 416 2338 Psallite
440 2305 628 2345 gaudenter,

235 2353 313 2386 Cum
338 2354 400 2385 hoc
425 2355 535 2384 sancto
561 2351 692 2392 psallite

284 2401 400 2435 Cuncti
423 2401 597 2441 sapienter.

901 385 1029 418 Vexillo
1056 383 1159 414 crucis
1184 384 1327 413 armatus

951 432 1078 466 Indiam
1102 429 1293 470 ingreditur,

902 481 1081 513 Daemones
1107 487 1180 510 mox
1206 476 1440 516 obmutescunt,

902 528 975 561 Hoc
999 527 1073 560 Indi
1097 525 1167 557 viso
1193 526 1392 565 stupescunt,

952 575 1044 607 Nova
1068 575 1137 606 laus
1163 572 1342 607 attollitur:

864 650 872 659 .
907 623 1006 663 Signa
1030 625 1063 653 et,
1086 620 1234 661 prodigia

954 670 1165 704 cumulantur

950 718 996 750 Et
1019 719 1178 749 novantur

905 765 967 798 Dei
991 764 1161 796 mirabilia.

871 907 879 915 .
903 879 1056 912 Habebat
1080 878 1228 909 eximiam

904 928 1063 961 vesanam
1089 934 1146 957 rex
1171 923 1270 956 filiam

952 974 1059 1006 Mirae
1084 972 1215 1013 speciei,

907 1023 1008 1062 Quam
1033 1030 1143 1053 sanam
1171 1019 1306 1051 Polimio

905 1070 987 1110 Regi
1012 1079 1031 1101 a
1058 1067 1224 1101 daemonio

955 1116 1113 1149 Reddidit
1137 1115 1188 1147 vir
1211 1113 1293 1155 Dei3

868 1190 876 1199 .
907 1165 1001 1197 Nova
1025 1166 1160 1203 surgunt
1183 1161 1311 1202 gaudia,

955 1211 1052 1244 Plebs
1077 1210 1223 1251 miratur,

958 1259 1146 1291 Gratulatur

909 1307 980 1339 Rex
1004 1308 1117 1337 sanata
1140 1304 1218 1337 filia.

876 1446 883 1455 .
912 1421 1023 1454 Nobili
1049 1421 1177 1461 quidem
1202 1420 1362 1462 thesauro,

911 1470 1065 1509 Argento,
1092 1468 1224 1509 gemmis
1250 1470 1282 1499 et
1307 1476 1384 1499 auro

960 1516 1175 1549 Honorandus
1200 1515 1374 1557 quaeritur,

913 1565 1082 1604 Quaeritur
1105 1572 1166 1595 nec
1190 1563 1360 1602 reperitur,

914 1613 1003 1653 Quia,
1029 1612 1086 1643 ubi
1110 1612 1161 1654 sit,
1188 1611 1342 1650 nescitur,

962 1660 1124 1699 Quaerens
1150 1658 1252 1690 omnis
1278 1657 1413 1691 fallitur.

876 1733 884 1742 .
919 1708 1091 1747 Perplures
1117 1707 1252 1738 electum

965 1755 1121 1788 Sollerter
1148 1763 1188 1786 ex
1212 1753 1343 1785 milibus

963 1803 1054 1834 Votis
1079 1812 1142 1834 non
1166 1801 1344 1842 imparibus

915 1851 1097 1892 Requirunt
1122 1850 1284 1882 dilectum.

884 1989 892 1997 .
918 1966 1023 1998 Adest
1045 1974 1140 1998 mane
1168 1964 1312 1996 clanculo

922 2013 1057 2046 Sanctus
1081 2014 1116 2045 in
1143 2013 1288 2044 cubiculo

968 2061 1061 2093 Solus
1088 2061 1148 2093 soli
1173 2061 1259 2101 regi3

920 2110 1035 2149 Quare,
1060 2109 1175 2150 iuquit,
1202 2108 1280 2140 talia

918 2157 1002 2190 Mihi
1029 2158 1096 2196 das,
1122 2157 1284 2189 contraria

970 2206 1057 2245 Quae
1081 2208 1156 2237 sunt,
1180 2205 1242 2236 Dei
1267 2204 1343 2244 legi.

882 2280 890 2288 .
925 2253 985 2293 Qui
1010 2257 1140 2285 terrena
1164 2252 1304 2293 sapiunt,

970 2302 1038 2334 Ista
1062 2304 1230 2343 quaerunt,

971 2349 1036 2382 Sed
1060 2359 1124 2382 non
1151 2352 1245 2381 erunt

922 2397 1008 2439 Mea,
1035 2407 1116 2439 quae
1143 2397 1318 2438 decipiunt.
