<?xml version="1.0" encoding="UTF-8"?>
<!DOCTYPE html PUBLIC "-//W3C//DTD XHTML 1.0 Transitional//EN"
    "http://www.w3.org/TR/xhtml1/DTD/xhtml1-transitional.dtd">
<html xmlns="http://www.w3.org/1999/xhtml" xml:lang="en" lang="en">
 <head>
  <title>
</title>
<meta http-equiv="Content-Type" content="text/html;charset=utf-8" />
  <meta name='ocr-system' content='tesseract 3.04.00' />
  <meta name='ocr-capabilities' content='ocr_page ocr_carea ocr_par ocr_line ocrx_word'/>
</head>
<body>
  <div class='ocr_page' id='page_1' title='image "./analectahymnica41drevuoft_00227.png"; bbox 0 0 1651 2700; ppageno 0'>
   <div class='ocr_carea' id='block_1_1' title="bbox 826 146 897 182">
    <p class='ocr_par' dir='ltr' id='par_1_1' title="bbox 826 146 897 182">
     <span class='ocr_line' id='line_1_1' title="bbox 826 146 897 182; baseline 0.014 -1"><span class='ocrx_word' id='word_1_1' title='bbox 826 146 897 182; x_wconf 82' lang='lat'><strong>224</strong></span> 
     </span>
    </p>
   </div>
   <div class='ocr_carea' id='block_1_2' title="bbox 407 286 1324 328">
    <p class='ocr_par' dir='ltr' id='par_1_2' title="bbox 407 286 1324 328">
     <span class='ocr_line' id='line_1_2' title="bbox 407 286 1324 328; baseline -0.001 -9"><span class='ocrx_word' id='word_1_2' title='bbox 407 288 446 319; x_wconf 89' lang='grc'><strong>61.</strong></span> <span class='ocrx_word' id='word_1_3' title='bbox 487 288 624 327; x_wconf 85' lang='lat' dir='ltr'>Hymnus</span> <span class='ocrx_word' id='word_1_4' title='bbox 645 287 682 319; x_wconf 86' lang='lat' dir='ltr'><strong>de</strong></span> <span class='ocrx_word' id='word_1_5' title='bbox 702 287 910 328; x_wconf 79' lang='lat' dir='ltr'><strong>regularibus</strong></span> <span class='ocrx_word' id='word_1_6' title='bbox 931 287 964 319; x_wconf 83' lang='lat' dir='ltr'><strong>et</strong></span> <span class='ocrx_word' id='word_1_7' title='bbox 983 286 1129 328; x_wconf 81' lang='lat' dir='ltr'><strong>inprimis</strong></span> <span class='ocrx_word' id='word_1_8' title='bbox 1150 286 1324 328; x_wconf 87' lang='lat' dir='ltr'><strong>religiosis.</strong></span> 
     </span>
    </p>
   </div>
   <div class='ocr_carea' id='block_1_3' title="bbox 220 387 741 658">
    <p class='ocr_par' dir='ltr' id='par_1_3' title="bbox 220 387 741 618">
     <span class='ocr_line' id='line_1_3' title="bbox 220 387 738 430; baseline -0.004 -9"><span class='ocrx_word' id='word_1_9' title='bbox 220 387 252 421; x_wconf 89' lang='lat'><strong>1.</strong></span> <span class='ocrx_word' id='word_1_10' title='bbox 281 387 355 427; x_wconf 85' lang='lat' dir='ltr'><strong>Vos,</strong></span> <span class='ocrx_word' id='word_1_11' title='bbox 380 387 578 427; x_wconf 80' lang='lat' dir='ltr'>abbatesque</span> <span class='ocrx_word' id='word_1_12' title='bbox 601 387 738 430; x_wconf 81' lang='lat' dir='ltr'><strong>priores,</strong></span> 
     </span>
     <span class='ocr_line' id='line_1_4' title="bbox 281 433 741 478; baseline 0 -11"><span class='ocrx_word' id='word_1_13' title='bbox 281 436 354 478; x_wconf 80' lang='lat' dir='ltr'><strong>Vos,</strong></span> <span class='ocrx_word' id='word_1_14' title='bbox 380 434 589 475; x_wconf 79' lang='lat' dir='ltr'><strong>monachique</strong></span> <span class='ocrx_word' id='word_1_15' title='bbox 613 433 741 478; x_wconf 85' lang='lat' dir='ltr'><strong>fratres,</strong></span> 
     </span>
     <span class='ocr_line' id='line_1_5' title="bbox 279 482 654 522; baseline 0 -8"><span class='ocrx_word' id='word_1_16' title='bbox 279 482 356 515; x_wconf 88' lang='lat' dir='ltr'><strong>Sitis</strong></span> <span class='ocrx_word' id='word_1_17' title='bbox 381 482 470 522; x_wconf 87' lang='lat' dir='ltr'><strong>pacis</strong></span> <span class='ocrx_word' id='word_1_18' title='bbox 496 486 654 515; x_wconf 86' lang='lat' dir='ltr'><strong>amatores</strong></span> 
     </span>
     <span class='ocr_line' id='line_1_6' title="bbox 278 530 724 574; baseline -0.002 -11"><span class='ocrx_word' id='word_1_19' title='bbox 278 530 317 563; x_wconf 90' lang='lat' dir='ltr'><strong>In</strong></span> <span class='ocrx_word' id='word_1_20' title='bbox 341 539 500 570; x_wconf 91' lang='lat' dir='ltr'><strong>unumque</strong></span> <span class='ocrx_word' id='word_1_21' title='bbox 527 530 724 574; x_wconf 82' lang='lat' dir='ltr'><strong>claustrales,</strong></span> 
     </span>
     <span class='ocr_line' id='line_1_7' title="bbox 280 578 641 618; baseline 0.003 -9"><span class='ocrx_word' id='word_1_22' title='bbox 280 578 357 610; x_wconf 91' lang='lat' dir='ltr'><strong>Sitis</strong></span> <span class='ocrx_word' id='word_1_23' title='bbox 381 578 454 610; x_wconf 88' lang='lat' dir='ltr'><strong>luce</strong></span> <span class='ocrx_word' id='word_1_24' title='bbox 478 578 641 618; x_wconf 48' lang='lat' dir='ltr'><strong>clariora,</strong></span> 
     </span>
    </p>

    <p class='ocr_par' dir='ltr' id='par_1_4' title="bbox 277 626 660 658">
     <span class='ocr_line' id='line_1_8' title="bbox 277 626 660 658; baseline 0 -1"><span class='ocrx_word' id='word_1_25' title='bbox 277 626 342 657; x_wconf 87' lang='lat' dir='ltr'><strong>Vos</strong></span> <span class='ocrx_word' id='word_1_26' title='bbox 368 628 475 657; x_wconf 85' lang='lat' dir='ltr'><strong>castae</strong></span> <span class='ocrx_word' id='word_1_27' title='bbox 497 626 660 658; x_wconf 84' lang='lat' dir='ltr'><strong>moniales.</strong></span> 
     </span>
    </p>
   </div>
   <div class='ocr_carea' id='block_1_4' title="bbox 225 731 753 1002">
    <p class='ocr_par' dir='ltr' id='par_1_5' title="bbox 225 731 741 916">
     <span class='ocr_line' id='line_1_9' title="bbox 225 731 741 771; baseline -0.002 -7"><span class='ocrx_word' id='word_1_28' title='bbox 225 733 256 765; x_wconf 83' lang='lat'><strong>2.</strong></span> <span class='ocrx_word' id='word_1_29' title='bbox 286 731 366 763; x_wconf 89' lang='lat' dir='ltr'><strong>Dum</strong></span> <span class='ocrx_word' id='word_1_30' title='bbox 391 731 523 763; x_wconf 87' lang='lat' dir='ltr'><strong>iucundi</strong></span> <span class='ocrx_word' id='word_1_31' title='bbox 548 731 741 771; x_wconf 89' lang='lat' dir='ltr'><strong>permanetis</strong></span> 
     </span>
     <span class='ocr_line' id='line_1_10' title="bbox 278 778 674 821; baseline 0 -11"><span class='ocrx_word' id='word_1_32' title='bbox 278 778 366 810; x_wconf 89' lang='lat' dir='ltr'><strong>Estis</strong></span> <span class='ocrx_word' id='word_1_33' title='bbox 392 787 511 818; x_wconf 90' lang='lat' dir='ltr'><strong>vosque</strong></span> <span class='ocrx_word' id='word_1_34' title='bbox 533 778 674 821; x_wconf 86' lang='lat' dir='ltr'><strong>iuvenes,</strong></span> 
     </span>
     <span class='ocr_line' id='line_1_11' title="bbox 280 826 693 866; baseline 0.002 -9"><span class='ocrx_word' id='word_1_35' title='bbox 280 826 345 858; x_wconf 90' lang='lat' dir='ltr'><strong>Vos</strong></span> <span class='ocrx_word' id='word_1_36' title='bbox 369 826 491 858; x_wconf 88' lang='lat' dir='ltr'><strong>servire</strong></span> <span class='ocrx_word' id='word_1_37' title='bbox 515 826 693 866; x_wconf 84' lang='lat' dir='ltr'><strong>procuretis</strong></span> 
     </span>
     <span class='ocr_line' id='line_1_12' title="bbox 280 872 626 916; baseline 0 -11"><span class='ocrx_word' id='word_1_38' title='bbox 280 872 479 905; x_wconf 87' lang='lat' dir='ltr'><strong>Sustinentes</strong></span> <span class='ocrx_word' id='word_1_39' title='bbox 504 874 626 916; x_wconf 86' lang='lat' dir='ltr'><strong>inopes,</strong></span> 
     </span>
    </p>

    <p class='ocr_par' dir='ltr' id='par_1_6' title="bbox 276 921 753 1002">
     <span class='ocr_line' id='line_1_13' title="bbox 276 921 753 964; baseline 0 -11"><span class='ocrx_word' id='word_1_40' title='bbox 276 921 373 954; x_wconf 86' lang='lat' dir='ltr'><strong>Viam</strong></span> <span class='ocrx_word' id='word_1_41' title='bbox 397 924 518 953; x_wconf 88' lang='lat' dir='ltr'><strong>rectam</strong></span> <span class='ocrx_word' id='word_1_42' title='bbox 542 921 753 964; x_wconf 86' lang='lat' dir='ltr'><strong>praeparetis,</strong></span> 
     </span>
     <span class='ocr_line' id='line_1_14' title="bbox 282 968 640 1002; baseline -0.006 -1"><span class='ocrx_word' id='word_1_43' title='bbox 282 968 358 1001; x_wconf 88' lang='lat' dir='ltr'><strong>Sitis</strong></span> <span class='ocrx_word' id='word_1_44' title='bbox 384 969 480 1001; x_wconf 88' lang='lat' dir='ltr'><strong>corde</strong></span> <span class='ocrx_word' id='word_1_45' title='bbox 505 969 640 1002; x_wconf 89' lang='lat' dir='ltr'><strong>nobiles.</strong></span> 
     </span>
    </p>
   </div>
   <div class='ocr_carea' id='block_1_5' title="bbox 221 1073 765 1344">
    <p class='ocr_par' dir='ltr' id='par_1_7' title="bbox 221 1073 765 1344">
     <span class='ocr_line' id='line_1_15' title="bbox 221 1073 759 1106; baseline 0 0"><span class='ocrx_word' id='word_1_46' title='bbox 221 1074 254 1106; x_wconf 82' lang='lat'><strong>3.</strong></span> <span class='ocrx_word' id='word_1_47' title='bbox 280 1073 342 1106; x_wconf 86' lang='lat' dir='ltr'><strong>Est</strong></span> <span class='ocrx_word' id='word_1_48' title='bbox 365 1073 459 1105; x_wconf 89' lang='lat' dir='ltr'><strong>nimis</strong></span> <span class='ocrx_word' id='word_1_49' title='bbox 484 1073 585 1106; x_wconf 88' lang='lat' dir='ltr'><strong>virtus</strong></span> <span class='ocrx_word' id='word_1_50' title='bbox 609 1074 759 1106; x_wconf 90' lang='lat' dir='ltr'><strong>iuvenum</strong></span> 
     </span>
     <span class='ocr_line' id='line_1_16' title="bbox 279 1121 592 1163; baseline 0 -11"><span class='ocrx_word' id='word_1_51' title='bbox 279 1121 349 1153; x_wconf 91' lang='lat' dir='ltr'><strong>Deo</strong></span> <span class='ocrx_word' id='word_1_52' title='bbox 374 1121 592 1163; x_wconf 85' lang='lat' dir='ltr'><strong>acceptabilis,</strong></span> 
     </span>
     <span class='ocr_line' id='line_1_17' title="bbox 279 1168 765 1208; baseline 0 -8"><span class='ocrx_word' id='word_1_53' title='bbox 279 1168 385 1208; x_wconf 84' lang='lat' dir='ltr'><strong>Magis</strong></span> <span class='ocrx_word' id='word_1_54' title='bbox 409 1177 503 1208; x_wconf 86' lang='lat' dir='ltr'><strong>quam</strong></span> <span class='ocrx_word' id='word_1_55' title='bbox 528 1169 629 1200; x_wconf 89' lang='lat' dir='ltr'><strong>virtus</strong></span> <span class='ocrx_word' id='word_1_56' title='bbox 654 1178 765 1201; x_wconf 89' lang='lat' dir='ltr'><strong>senum</strong></span> 
     </span>
     <span class='ocr_line' id='line_1_18' title="bbox 277 1215 602 1257; baseline 0 -10"><span class='ocrx_word' id='word_1_57' title='bbox 277 1215 347 1247; x_wconf 90' lang='lat' dir='ltr'><strong>Deo</strong></span> <span class='ocrx_word' id='word_1_58' title='bbox 373 1218 422 1247; x_wconf 88' lang='lat' dir='ltr'><strong>est</strong></span> <span class='ocrx_word' id='word_1_59' title='bbox 445 1216 602 1257; x_wconf 75' lang='lat' dir='ltr'><strong>amabilis,</strong></span> 
     </span>
     <span class='ocr_line' id='line_1_19' title="bbox 280 1262 711 1305; baseline 0 -10"><span class='ocrx_word' id='word_1_60' title='bbox 280 1262 339 1301; x_wconf 76' lang='lat' dir='ltr'><strong>Qui</strong></span> <span class='ocrx_word' id='word_1_61' title='bbox 365 1271 400 1295; x_wconf 89' lang='lat' dir='ltr'><strong>se</strong></span> <span class='ocrx_word' id='word_1_62' title='bbox 423 1263 549 1295; x_wconf 76' lang='lat' dir='ltr'><strong>reducit</strong></span> <span class='ocrx_word' id='word_1_63' title='bbox 574 1263 711 1305; x_wconf 77' lang='lat' dir='ltr'><strong>devium,</strong></span> 
     </span>
     <span class='ocr_line' id='line_1_20' title="bbox 280 1310 644 1344; baseline 0.003 -2"><span class='ocrx_word' id='word_1_64' title='bbox 280 1310 364 1342; x_wconf 83' lang='lat' dir='ltr'><strong>Satis</strong></span> <span class='ocrx_word' id='word_1_65' title='bbox 390 1313 439 1342; x_wconf 88' lang='lat' dir='ltr'><strong>est</strong></span> <span class='ocrx_word' id='word_1_66' title='bbox 461 1311 644 1344; x_wconf 80' lang='lat' dir='ltr'><strong>laudabilis,</strong></span> 
     </span>
    </p>
   </div>
   <div class='ocr_carea' id='block_1_6' title="bbox 222 1415 746 1688">
    <p class='ocr_par' dir='ltr' id='par_1_8' title="bbox 222 1415 746 1688">
     <span class='ocr_line' id='line_1_21' title="bbox 222 1415 746 1458; baseline 0 -10"><span class='ocrx_word' id='word_1_67' title='bbox 222 1418 255 1448; x_wconf 89' lang='lat'><strong>4.</strong></span> <span class='ocrx_word' id='word_1_68' title='bbox 282 1415 414 1448; x_wconf 88' lang='lat' dir='ltr'><strong>Servate</strong></span> <span class='ocrx_word' id='word_1_69' title='bbox 439 1419 579 1448; x_wconf 88' lang='lat' dir='ltr'><strong>vestram</strong></span> <span class='ocrx_word' id='word_1_70' title='bbox 602 1417 746 1458; x_wconf 88' lang='lat' dir='ltr'><strong>regulam</strong></span> 
     </span>
     <span class='ocr_line' id='line_1_22' title="bbox 281 1463 657 1505; baseline 0.003 -10"><span class='ocrx_word' id='word_1_71' title='bbox 281 1464 320 1495; x_wconf 93' lang='lat' dir='ltr'><strong>In</strong></span> <span class='ocrx_word' id='word_1_72' title='bbox 346 1466 457 1495; x_wconf 88' lang='lat' dir='ltr'><strong>saneta</strong></span> <span class='ocrx_word' id='word_1_73' title='bbox 480 1463 657 1505; x_wconf 87' lang='lat' dir='ltr'><strong>honestate,</strong></span> 
     </span>
     <span class='ocr_line' id='line_1_23' title="bbox 282 1511 739 1552; baseline 0.004 -10"><span class='ocrx_word' id='word_1_74' title='bbox 282 1511 443 1543; x_wconf 89' lang='lat' dir='ltr'><strong>Pellentes</strong></span> <span class='ocrx_word' id='word_1_75' title='bbox 467 1520 581 1543; x_wconf 90' lang='lat' dir='ltr'><strong>vanam</strong></span> <span class='ocrx_word' id='word_1_76' title='bbox 606 1512 739 1552; x_wconf 83' lang='lat' dir='ltr'><strong>gloriam</strong></span> 
     </span>
     <span class='ocr_line' id='line_1_24' title="bbox 279 1558 686 1602; baseline 0.002 -12"><span class='ocrx_word' id='word_1_77' title='bbox 279 1558 334 1590; x_wconf 88' lang='lat' dir='ltr'><strong>Ad</strong></span> <span class='ocrx_word' id='word_1_78' title='bbox 355 1558 458 1590; x_wconf 83' lang='lat' dir='ltr'><strong>Deum</strong></span> <span class='ocrx_word' id='word_1_79' title='bbox 484 1568 540 1591; x_wconf 88' lang='lat' dir='ltr'><strong>vos</strong></span> <span class='ocrx_word' id='word_1_80' title='bbox 565 1563 686 1602; x_wconf 86' lang='lat' dir='ltr'><strong>vacate,</strong></span> 
     </span>
     <span class='ocr_line' id='line_1_25' title="bbox 276 1605 725 1647; baseline 0.007 -11"><span class='ocrx_word' id='word_1_81' title='bbox 276 1605 342 1637; x_wconf 87' lang='lat' dir='ltr'><strong>Dat</strong></span> <span class='ocrx_word' id='word_1_82' title='bbox 365 1606 452 1637; x_wconf 89' lang='lat' dir='ltr'><strong>Deus</strong></span> <span class='ocrx_word' id='word_1_83' title='bbox 477 1606 567 1639; x_wconf 90' lang='lat' dir='ltr'><strong>vobis</strong></span> <span class='ocrx_word' id='word_1_84' title='bbox 592 1608 725 1647; x_wconf 83' lang='lat' dir='ltr'><strong>gratiam</strong></span> 
     </span>
     <span class='ocr_line' id='line_1_26' title="bbox 276 1654 621 1688; baseline 0.009 -4"><span class='ocrx_word' id='word_1_85' title='bbox 276 1654 315 1685; x_wconf 91' lang='lat' dir='ltr'><strong>In</strong></span> <span class='ocrx_word' id='word_1_86' title='bbox 341 1657 449 1685; x_wconf 84' lang='lat' dir='ltr'><strong>saneta</strong></span> <span class='ocrx_word' id='word_1_87' title='bbox 477 1655 621 1688; x_wconf 82' lang='lat' dir='ltr'><strong>can&#39;tate.</strong></span> 
     </span>
    </p>
   </div>
   <div class='ocr_carea' id='block_1_7' title="bbox 219 1758 726 2037">
    <p class='ocr_par' dir='ltr' id='par_1_9' title="bbox 219 1758 726 2037">
     <span class='ocr_line' id='line_1_27' title="bbox 219 1758 681 1800; baseline 0.004 -10"><span class='ocrx_word' id='word_1_88' title='bbox 219 1759 251 1791; x_wconf 87' lang='lat'><strong>5.</strong></span> <span class='ocrx_word' id='word_1_89' title='bbox 277 1758 420 1791; x_wconf 86' lang='lat' dir='ltr'><strong>Terrena</strong></span> <span class='ocrx_word' id='word_1_90' title='bbox 444 1768 500 1791; x_wconf 88' lang='lat' dir='ltr'><strong>vos</strong></span> <span class='ocrx_word' id='word_1_91' title='bbox 526 1760 681 1800; x_wconf 87' lang='lat' dir='ltr'><strong>despicite</strong></span> 
     </span>
     <span class='ocr_line' id='line_1_28' title="bbox 278 1807 664 1850; baseline 0.005 -12"><span class='ocrx_word' id='word_1_92' title='bbox 278 1807 473 1847; x_wconf 81' lang='lat' dir='ltr'><strong>Servateque</strong></span> <span class='ocrx_word' id='word_1_93' title='bbox 496 1808 664 1850; x_wconf 83' lang='lat' dir='ltr'><strong>promissa,</strong></span> 
     </span>
     <span class='ocr_line' id='line_1_29' title="bbox 278 1853 726 1899; baseline 0.009 -15"><span class='ocrx_word' id='word_1_94' title='bbox 278 1853 350 1885; x_wconf 86' lang='lat' dir='ltr'><strong>Non</strong></span> <span class='ocrx_word' id='word_1_95' title='bbox 376 1854 446 1886; x_wconf 83' lang='lat' dir='ltr'><strong>sitis</strong></span> <span class='ocrx_word' id='word_1_96' title='bbox 469 1864 527 1887; x_wconf 84' lang='lat' dir='ltr'><strong>vos</strong></span> <span class='ocrx_word' id='word_1_97' title='bbox 552 1859 726 1899; x_wconf 86' lang='lat' dir='ltr'><strong>apostatae,</strong></span> 
     </span>
     <span class='ocr_line' id='line_1_30' title="bbox 278 1900 697 1945; baseline 0.012 -14"><span class='ocrx_word' id='word_1_98' title='bbox 278 1900 415 1941; x_wconf 89' lang='lat' dir='ltr'><strong>Implete</strong></span> <span class='ocrx_word' id='word_1_99' title='bbox 438 1911 494 1934; x_wconf 88' lang='lat' dir='ltr'><strong>vos</strong></span> <span class='ocrx_word' id='word_1_100' title='bbox 521 1904 697 1945; x_wconf 87' lang='lat' dir='ltr'><strong>commissa,</strong></span> 
     </span>
     <span class='ocr_line' id='line_1_31' title="bbox 277 1948 656 1994; baseline 0.008 -14"><span class='ocrx_word' id='word_1_101' title='bbox 277 1948 342 1980; x_wconf 89' lang='lat' dir='ltr'><strong>Vos</strong></span> <span class='ocrx_word' id='word_1_102' title='bbox 363 1949 396 1980; x_wconf 85' lang='lat' dir='ltr'><strong>in</strong></span> <span class='ocrx_word' id='word_1_103' title='bbox 422 1950 537 1982; x_wconf 86' lang='lat' dir='ltr'><strong>divinis</strong></span> <span class='ocrx_word' id='word_1_104' title='bbox 562 1951 656 1994; x_wconf 82' lang='lat' dir='ltr'><strong>agite,</strong></span> 
     </span>
     <span class='ocr_line' id='line_1_32' title="bbox 276 1995 664 2037; baseline 0.003 -8"><span class='ocrx_word' id='word_1_105' title='bbox 276 1995 323 2029; x_wconf 92' lang='lat' dir='ltr'><strong>Ut</strong></span> <span class='ocrx_word' id='word_1_106' title='bbox 347 1997 417 2028; x_wconf 81' lang='lat' dir='ltr'><strong>sitis</strong></span> <span class='ocrx_word' id='word_1_107' title='bbox 444 1997 532 2037; x_wconf 89' lang='lat' dir='ltr'><strong>digni</strong></span> <span class='ocrx_word' id='word_1_108' title='bbox 557 1998 664 2030; x_wconf 88' lang='lat' dir='ltr'><strong>missa.</strong></span> 
     </span>
    </p>
   </div>
   <div class='ocr_carea' id='block_1_8' title="bbox 217 2101 676 2383">
    <p class='ocr_par' dir='ltr' id='par_1_10' title="bbox 217 2101 676 2383">
     <span class='ocr_line' id='line_1_33' title="bbox 217 2101 656 2144; baseline 0.002 -9"><span class='ocrx_word' id='word_1_109' title='bbox 217 2103 249 2135; x_wconf 89' lang='lat'><strong>6.</strong></span> <span class='ocrx_word' id='word_1_110' title='bbox 275 2101 365 2133; x_wconf 87' lang='lat' dir='ltr'><strong>Estis</strong></span> <span class='ocrx_word' id='word_1_111' title='bbox 390 2101 468 2134; x_wconf 84' lang='lat' dir='ltr'><strong>facti</strong></span> <span class='ocrx_word' id='word_1_112' title='bbox 492 2104 656 2144; x_wconf 84' lang='lat' dir='ltr'><strong>regulares</strong></span> 
     </span>
     <span class='ocr_line' id='line_1_34' title="bbox 276 2149 676 2194; baseline 0.008 -13"><span class='ocrx_word' id='word_1_113' title='bbox 276 2149 340 2182; x_wconf 87' lang='lat' dir='ltr'><strong>Vos</strong></span> <span class='ocrx_word' id='word_1_114' title='bbox 365 2149 434 2182; x_wconf 92' lang='lat' dir='ltr'><strong>Deo</strong></span> <span class='ocrx_word' id='word_1_115' title='bbox 461 2150 676 2194; x_wconf 89' lang='lat' dir='ltr'><strong>disponentes,</strong></span> 
     </span>
     <span class='ocr_line' id='line_1_35' title="bbox 274 2197 670 2243; baseline 0.01 -15"><span class='ocrx_word' id='word_1_116' title='bbox 274 2197 466 2230; x_wconf 89' lang='lat' dir='ltr'><strong>Praedicate</strong></span> <span class='ocrx_word' id='word_1_117' title='bbox 486 2200 670 2243; x_wconf 75' lang='lat' dir='ltr'><strong>populares,</strong></span> 
     </span>
     <span class='ocr_line' id='line_1_36' title="bbox 275 2244 651 2290; baseline 0.008 -13"><span class='ocrx_word' id='word_1_118' title='bbox 275 2244 348 2277; x_wconf 86' lang='lat' dir='ltr'><strong>Sint</strong></span> <span class='ocrx_word' id='word_1_119' title='bbox 371 2245 440 2278; x_wconf 90' lang='lat' dir='ltr'><strong>Deo</strong></span> <span class='ocrx_word' id='word_1_120' title='bbox 466 2247 651 2290; x_wconf 86' lang='lat' dir='ltr'><strong>servientes,</strong></span> 
     </span>
     <span class='ocr_line' id='line_1_37' title="bbox 275 2292 661 2335; baseline 0.01 -11"><span class='ocrx_word' id='word_1_121' title='bbox 275 2292 353 2325; x_wconf 87' lang='lat' dir='ltr'><strong>Sitis</strong></span> <span class='ocrx_word' id='word_1_122' title='bbox 380 2294 459 2325; x_wconf 82' lang='lat' dir='ltr'><strong>casti</strong></span> <span class='ocrx_word' id='word_1_123' title='bbox 484 2294 661 2335; x_wconf 84' lang='lat' dir='ltr'><strong>singulares</strong></span> 
     </span>
     <span class='ocr_line' id='line_1_38' title="bbox 273 2341 661 2383; baseline 0.013 -11"><span class='ocrx_word' id='word_1_124' title='bbox 273 2341 479 2382; x_wconf 88' lang='lat' dir='ltr'><strong>Honesteque</strong></span> <span class='ocrx_word' id='word_1_125' title='bbox 503 2347 661 2383; x_wconf 85' lang='lat' dir='ltr'><strong>gerentes.</strong></span> 
     </span>
    </p>
   </div>
   <div class='ocr_carea' id='block_1_9' title="bbox 933 388 963 420">
    <p class='ocr_par' dir='ltr' id='par_1_11' title="bbox 933 388 963 420">
     <span class='ocr_line' id='line_1_39' title="bbox 933 388 963 420; baseline 0 0"><span class='ocrx_word' id='word_1_126' title='bbox 933 388 963 420; x_wconf 83' lang='lat'><strong>7.</strong></span> 
     </span>
    </p>
   </div>
   <div class='ocr_carea' id='block_1_10' title="bbox 905 1420 961 1453">
    <p class='ocr_par' dir='ltr' id='par_1_12' title="bbox 905 1420 961 1453">
     <span class='ocr_line' id='line_1_40' title="bbox 905 1420 961 1453; baseline 0.018 -1"><span class='ocrx_word' id='word_1_127' title='bbox 905 1420 961 1453; x_wconf 85' lang='lat'><strong>10.</strong></span> 
     </span>
    </p>
   </div>
   <div class='ocr_carea' id='block_1_11' title="bbox 902 1764 958 1799">
    <p class='ocr_par' dir='ltr' id='par_1_13' title="bbox 902 1764 958 1799">
     <span class='ocr_line' id='line_1_41' title="bbox 902 1764 958 1799; baseline 0.036 -2"><span class='ocrx_word' id='word_1_128' title='bbox 902 1764 958 1799; x_wconf 88' lang='lat'><strong>11.</strong></span> 
     </span>
    </p>
   </div>
   <div class='ocr_carea' id='block_1_12' title="bbox 902 2110 958 2143">
    <p class='ocr_par' dir='ltr' id='par_1_14' title="bbox 902 2110 958 2143">
     <span class='ocr_line' id='line_1_42' title="bbox 902 2110 958 2143; baseline 0 -1"><span class='ocrx_word' id='word_1_129' title='bbox 902 2110 958 2143; x_wconf 82' lang='lat'><strong>12.</strong></span> 
     </span>
    </p>
   </div>
   <div class='ocr_carea' id='block_1_13' title="bbox 989 386 1468 667">
    <p class='ocr_par' dir='ltr' id='par_1_15' title="bbox 989 386 1337 427">
     <span class='ocr_line' id='line_1_43' title="bbox 989 386 1337 427; baseline -0.003 -8"><span class='ocrx_word' id='word_1_130' title='bbox 989 387 1167 427; x_wconf 86' lang='lat' dir='ltr'><strong>Regulares</strong></span> <span class='ocrx_word' id='word_1_131' title='bbox 1193 386 1337 419; x_wconf 87' lang='lat' dir='ltr'><strong>ordinati</strong></span> 
     </span>
    </p>

    <p class='ocr_par' dir='ltr' id='par_1_16' title="bbox 990 434 1468 667">
     <span class='ocr_line' id='line_1_44' title="bbox 990 434 1399 478; baseline -0.002 -11"><span class='ocrx_word' id='word_1_132' title='bbox 990 434 1082 475; x_wconf 86' lang='lat' dir='ltr'><strong>Sunt,</strong></span> <span class='ocrx_word' id='word_1_133' title='bbox 1108 438 1145 467; x_wconf 86' lang='lat' dir='ltr'><strong>ut</strong></span> <span class='ocrx_word' id='word_1_134' title='bbox 1168 438 1284 476; x_wconf 86' lang='lat' dir='ltr'><strong>regant</strong></span> <span class='ocrx_word' id='word_1_135' title='bbox 1307 435 1399 478; x_wconf 90' lang='lat' dir='ltr'><strong>alios,</strong></span> 
     </span>
     <span class='ocr_line' id='line_1_45' title="bbox 990 483 1459 524; baseline 0.002 -10"><span class='ocrx_word' id='word_1_136' title='bbox 990 483 1061 515; x_wconf 87' lang='lat' dir='ltr'><strong>Sint</strong></span> <span class='ocrx_word' id='word_1_137' title='bbox 1088 483 1237 515; x_wconf 87' lang='lat' dir='ltr'><strong>doctrina</strong></span> <span class='ocrx_word' id='word_1_138' title='bbox 1261 483 1459 524; x_wconf 85' lang='lat' dir='ltr'><strong>praedotati,</strong></span> 
     </span>
     <span class='ocr_line' id='line_1_46' title="bbox 990 530 1364 572; baseline 0 -9"><span class='ocrx_word' id='word_1_139' title='bbox 990 530 1036 564; x_wconf 92' lang='lat' dir='ltr'><strong>Ut</strong></span> <span class='ocrx_word' id='word_1_140' title='bbox 1060 531 1218 563; x_wconf 87' lang='lat' dir='ltr'><strong>reducant</strong></span> <span class='ocrx_word' id='word_1_141' title='bbox 1243 531 1364 572; x_wconf 86' lang='lat' dir='ltr'><strong>devios,</strong></span> 
     </span>
     <span class='ocr_line' id='line_1_47' title="bbox 992 575 1468 622; baseline 0.002 -12"><span class='ocrx_word' id='word_1_142' title='bbox 992 578 1187 611; x_wconf 84' lang='lat' dir='ltr'><strong>Submittant</strong></span> <span class='ocrx_word' id='word_1_143' title='bbox 1213 575 1275 622; x_wconf 90' lang='lat' dir='ltr'><strong>[se]</strong></span> <span class='ocrx_word' id='word_1_144' title='bbox 1302 579 1468 611; x_wconf 86' lang='lat' dir='ltr'><strong>sanctitati</strong></span> 
     </span>
     <span class='ocr_line' id='line_1_48' title="bbox 991 626 1374 667; baseline 0 -9"><span class='ocrx_word' id='word_1_145' title='bbox 991 626 1202 666; x_wconf 88' lang='lat' dir='ltr'><strong>Doeeantque</strong></span> <span class='ocrx_word' id='word_1_146' title='bbox 1224 626 1374 667; x_wconf 89' lang='lat' dir='ltr'><strong>populos.</strong></span> 
     </span>
    </p>
   </div>
   <div class='ocr_carea' id='block_1_14' title="bbox 988 731 1431 1004">
    <p class='ocr_par' dir='ltr' id='par_1_17' title="bbox 988 731 1300 772">
     <span class='ocr_line' id='line_1_49' title="bbox 988 731 1300 772; baseline 0.003 -9"><span class='ocrx_word' id='word_1_147' title='bbox 988 731 1126 764; x_wconf 85' lang='lat' dir='ltr'><strong>Odibilis</strong></span> <span class='ocrx_word' id='word_1_148' title='bbox 1150 735 1300 772; x_wconf 83' lang='lat' dir='ltr'><strong>apostata</strong></span> 
     </span>
    </p>

    <p class='ocr_par' dir='ltr' id='par_1_18' title="bbox 989 779 1431 917">
     <span class='ocr_line' id='line_1_50' title="bbox 989 779 1431 812; baseline 0 -1"><span class='ocrx_word' id='word_1_149' title='bbox 989 780 1035 812; x_wconf 89' lang='lat' dir='ltr'><strong>Et</strong></span> <span class='ocrx_word' id='word_1_150' title='bbox 1060 779 1259 812; x_wconf 88' lang='lat' dir='ltr'><strong>damnandus</strong></span> <span class='ocrx_word' id='word_1_151' title='bbox 1286 780 1431 812; x_wconf 83' lang='lat' dir='ltr'><strong>creditur</strong></span> 
     </span>
     <span class='ocr_line' id='line_1_51' title="bbox 992 827 1395 869; baseline 0 -10"><span class='ocrx_word' id='word_1_152' title='bbox 992 827 1247 867; x_wconf 86' lang='lat' dir='ltr'><strong>Laudabilisque</strong></span> <span class='ocrx_word' id='word_1_153' title='bbox 1271 828 1395 869; x_wconf 87' lang='lat' dir='ltr'><strong>regula,</strong></span> 
     </span>
     <span class='ocr_line' id='line_1_52' title="bbox 991 874 1341 917; baseline 0 -11"><span class='ocrx_word' id='word_1_154' title='bbox 991 874 1025 906; x_wconf 86' lang='lat' dir='ltr'><strong>Si</strong></span> <span class='ocrx_word' id='word_1_155' title='bbox 1050 875 1184 907; x_wconf 87' lang='lat' dir='ltr'><strong>honeste</strong></span> <span class='ocrx_word' id='word_1_156' title='bbox 1208 876 1341 917; x_wconf 86' lang='lat' dir='ltr'><strong>geritur,</strong></span> 
     </span>
    </p>

    <p class='ocr_par' dir='ltr' id='par_1_19' title="bbox 988 923 1359 1004">
     <span class='ocr_line' id='line_1_53' title="bbox 989 923 1359 964; baseline 0 -10"><span class='ocrx_word' id='word_1_157' title='bbox 989 923 1027 954; x_wconf 91' lang='lat' dir='ltr'><strong>In</strong></span> <span class='ocrx_word' id='word_1_158' title='bbox 1054 931 1092 954; x_wconf 91' lang='lat' dir='ltr'><strong>ea</strong></span> <span class='ocrx_word' id='word_1_159' title='bbox 1116 931 1179 955; x_wconf 83' lang='lat' dir='ltr'><strong>vox</strong></span> <span class='ocrx_word' id='word_1_160' title='bbox 1203 923 1359 964; x_wconf 85' lang='lat' dir='ltr'><strong>angelica,</strong></span> 
     </span>
     <span class='ocr_line' id='line_1_54' title="bbox 988 969 1306 1004; baseline 0.006 -3"><span class='ocrx_word' id='word_1_161' title='bbox 988 969 1050 1002; x_wconf 87' lang='lat' dir='ltr'><strong>Dei</strong></span> <span class='ocrx_word' id='word_1_162' title='bbox 1074 970 1144 1002; x_wconf 89' lang='lat' dir='ltr'><strong>laus</strong></span> <span class='ocrx_word' id='word_1_163' title='bbox 1171 971 1306 1004; x_wconf 85' lang='lat' dir='ltr'><strong>canitur.</strong></span> 
     </span>
    </p>
   </div>
   <div class='ocr_carea' id='block_1_15' title="bbox 987 1076 1397 1348">
    <p class='ocr_par' dir='ltr' id='par_1_20' title="bbox 987 1076 1397 1348">
     <span class='ocr_line' id='line_1_55' title="bbox 991 1076 1336 1118; baseline 0 -11"><span class='ocrx_word' id='word_1_164' title='bbox 991 1076 1110 1108; x_wconf 90' lang='lat' dir='ltr'><strong>Divina</strong></span> <span class='ocrx_word' id='word_1_165' title='bbox 1134 1076 1336 1118; x_wconf 84' lang='lat' dir='ltr'><strong>suavissima,</strong></span> 
     </span>
     <span class='ocr_line' id='line_1_56' title="bbox 988 1124 1377 1166; baseline 0.003 -11"><span class='ocrx_word' id='word_1_166' title='bbox 988 1124 1134 1155; x_wconf 86' lang='lat' dir='ltr'><strong>Terrena</strong></span> <span class='ocrx_word' id='word_1_167' title='bbox 1158 1127 1233 1155; x_wconf 89' lang='lat' dir='ltr'><strong>sunt</strong></span> <span class='ocrx_word' id='word_1_168' title='bbox 1256 1133 1377 1166; x_wconf 88' lang='lat' dir='ltr'><strong>amara,</strong></span> 
     </span>
     <span class='ocr_line' id='line_1_57' title="bbox 990 1170 1397 1211; baseline 0.005 -9"><span class='ocrx_word' id='word_1_169' title='bbox 990 1171 1136 1211; x_wconf 88' lang='lat' dir='ltr'><strong>Superna</strong></span> <span class='ocrx_word' id='word_1_170' title='bbox 1158 1170 1397 1211; x_wconf 87' lang='lat' dir='ltr'><strong>perfectissima</strong></span> 
     </span>
     <span class='ocr_line' id='line_1_58' title="bbox 987 1218 1375 1262; baseline 0.003 -12"><span class='ocrx_word' id='word_1_171' title='bbox 987 1218 1217 1259; x_wconf 80' lang='lat' dir='ltr'><strong>Mandanaque</strong></span> <span class='ocrx_word' id='word_1_172' title='bbox 1243 1220 1375 1262; x_wconf 87' lang='lat' dir='ltr'><strong>caduca,</strong></span> 
     </span>
     <span class='ocr_line' id='line_1_59' title="bbox 989 1265 1364 1308; baseline 0.005 -11"><span class='ocrx_word' id='word_1_173' title='bbox 989 1265 1150 1298; x_wconf 86' lang='lat' dir='ltr'><strong>Caelestia</strong></span> <span class='ocrx_word' id='word_1_174' title='bbox 1175 1267 1364 1308; x_wconf 82' lang='lat' dir='ltr'><strong>clarissima,</strong></span> 
     </span>
     <span class='ocr_line' id='line_1_60' title="bbox 989 1314 1392 1348; baseline 0.007 -3"><span class='ocrx_word' id='word_1_175' title='bbox 989 1314 1177 1346; x_wconf 87' lang='lat' dir='ltr'><strong>Praesentia</strong></span> <span class='ocrx_word' id='word_1_176' title='bbox 1200 1324 1264 1346; x_wconf 90' lang='lat' dir='ltr'><strong>non</strong></span> <span class='ocrx_word' id='word_1_177' title='bbox 1293 1316 1392 1348; x_wconf 87' lang='lat' dir='ltr'><strong>clara.</strong></span> 
     </span>
    </p>
   </div>
   <div class='ocr_carea' id='block_1_16' title="bbox 986 1420 1405 1692">
    <p class='ocr_par' dir='ltr' id='par_1_21' title="bbox 986 1420 1405 1692">
     <span class='ocr_line' id='line_1_61' title="bbox 988 1420 1405 1454; baseline 0.005 -3"><span class='ocrx_word' id='word_1_178' title='bbox 988 1420 1053 1452; x_wconf 86' lang='lat' dir='ltr'><strong>Vos</strong></span> <span class='ocrx_word' id='word_1_179' title='bbox 1078 1420 1147 1452; x_wconf 87' lang='lat' dir='ltr'><strong>Deo</strong></span> <span class='ocrx_word' id='word_1_180' title='bbox 1172 1423 1250 1453; x_wconf 88' lang='lat' dir='ltr'><strong>vota</strong></span> <span class='ocrx_word' id='word_1_181' title='bbox 1274 1421 1405 1454; x_wconf 89' lang='lat' dir='ltr'><strong>reddite</strong></span> 
     </span>
     <span class='ocr_line' id='line_1_62' title="bbox 987 1467 1293 1511; baseline 0.007 -13"><span class='ocrx_word' id='word_1_182' title='bbox 987 1467 1101 1500; x_wconf 86' lang='lat' dir='ltr'><strong>Velitis</strong></span> <span class='ocrx_word' id='word_1_183' title='bbox 1127 1468 1293 1511; x_wconf 87' lang='lat' dir='ltr'><strong>oboedire,</strong></span> 
     </span>
     <span class='ocr_line' id='line_1_63' title="bbox 986 1515 1340 1557; baseline 0.006 -11"><span class='ocrx_word' id='word_1_184' title='bbox 986 1515 1106 1547; x_wconf 89' lang='lat' dir='ltr'><strong>Divina</strong></span> <span class='ocrx_word' id='word_1_185' title='bbox 1130 1525 1187 1548; x_wconf 86' lang='lat' dir='ltr'><strong>vos</strong></span> <span class='ocrx_word' id='word_1_186' title='bbox 1215 1516 1340 1557; x_wconf 87' lang='lat' dir='ltr'><strong>diligite</strong></span> 
     </span>
     <span class='ocr_line' id='line_1_64' title="bbox 987 1563 1389 1607; baseline 0.005 -13"><span class='ocrx_word' id='word_1_187' title='bbox 987 1563 1150 1595; x_wconf 89' lang='lat' dir='ltr'><strong>Timentes</strong></span> <span class='ocrx_word' id='word_1_188' title='bbox 1178 1573 1285 1596; x_wconf 89' lang='lat' dir='ltr'><strong>casum</strong></span> <span class='ocrx_word' id='word_1_189' title='bbox 1310 1565 1389 1607; x_wconf 88' lang='lat' dir='ltr'><strong>irae,</strong></span> 
     </span>
     <span class='ocr_line' id='line_1_65' title="bbox 986 1611 1380 1652; baseline 0 -8"><span class='ocrx_word' id='word_1_190' title='bbox 986 1612 1051 1644; x_wconf 90' lang='lat' dir='ltr'><strong>Vos</strong></span> <span class='ocrx_word' id='word_1_191' title='bbox 1076 1611 1109 1642; x_wconf 92' lang='lat' dir='ltr'><strong>in</strong></span> <span class='ocrx_word' id='word_1_192' title='bbox 1134 1620 1243 1644; x_wconf 89' lang='lat' dir='ltr'><strong>amore</strong></span> <span class='ocrx_word' id='word_1_193' title='bbox 1267 1612 1380 1652; x_wconf 87' lang='lat' dir='ltr'><strong>gerite,</strong></span> 
     </span>
     <span class='ocr_line' id='line_1_66' title="bbox 986 1658 1305 1692; baseline 0.003 -2"><span class='ocrx_word' id='word_1_194' title='bbox 986 1658 1096 1691; x_wconf 82' lang='lat' dir='ltr'><strong>Nolite</strong></span> <span class='ocrx_word' id='word_1_195' title='bbox 1121 1668 1177 1692; x_wconf 87' lang='lat' dir='ltr'><strong>vos</strong></span> <span class='ocrx_word' id='word_1_196' title='bbox 1203 1659 1305 1692; x_wconf 85' lang='lat' dir='ltr'><strong>abire.</strong></span> 
     </span>
    </p>
   </div>
   <div class='ocr_carea' id='block_1_17' title="bbox 983 1765 1446 2046">
    <p class='ocr_par' dir='ltr' id='par_1_22' title="bbox 983 1765 1446 2046">
     <span class='ocr_line' id='line_1_67' title="bbox 983 1765 1446 1807; baseline 0.004 -10"><span class='ocrx_word' id='word_1_197' title='bbox 983 1765 1065 1797; x_wconf 86' lang='lat' dir='ltr'><strong>Nam</strong></span> <span class='ocrx_word' id='word_1_198' title='bbox 1092 1766 1119 1797; x_wconf 90' lang='lat' dir='ltr'><strong>si</strong></span> <span class='ocrx_word' id='word_1_199' title='bbox 1142 1766 1286 1807; x_wconf 86' lang='lat' dir='ltr'><strong>regulam</strong></span> <span class='ocrx_word' id='word_1_200' title='bbox 1308 1767 1446 1799; x_wconf 87' lang='lat' dir='ltr'><strong>servatis</strong></span> 
     </span>
     <span class='ocr_line' id='line_1_68' title="bbox 987 1812 1434 1855; baseline 0.004 -10"><span class='ocrx_word' id='word_1_201' title='bbox 987 1812 1144 1846; x_wconf 86' lang='lat' dir='ltr'><strong>Gerentes</strong></span> <span class='ocrx_word' id='word_1_202' title='bbox 1170 1823 1227 1846; x_wconf 87' lang='lat' dir='ltr'><strong>vos</strong></span> <span class='ocrx_word' id='word_1_203' title='bbox 1253 1815 1434 1855; x_wconf 87' lang='lat' dir='ltr'><strong>prudenter</strong></span> 
     </span>
     <span class='ocr_line' id='line_1_69' title="bbox 984 1861 1436 1895; baseline 0.004 -2"><span class='ocrx_word' id='word_1_204' title='bbox 984 1861 1030 1893; x_wconf 85' lang='lat' dir='ltr'><strong>Et</strong></span> <span class='ocrx_word' id='word_1_205' title='bbox 1054 1862 1081 1893; x_wconf 89' lang='lat' dir='ltr'><strong>si</strong></span> <span class='ocrx_word' id='word_1_206' title='bbox 1105 1861 1210 1894; x_wconf 85' lang='lat' dir='ltr'><strong>Deum</strong></span> <span class='ocrx_word' id='word_1_207' title='bbox 1235 1871 1294 1895; x_wconf 87' lang='lat' dir='ltr'><strong>vos</strong></span> <span class='ocrx_word' id='word_1_208' title='bbox 1320 1864 1436 1895; x_wconf 85' lang='lat' dir='ltr'><strong>amatis</strong></span> 
     </span>
     <span class='ocr_line' id='line_1_70' title="bbox 988 1909 1355 1951; baseline 0.005 -10"><span class='ocrx_word' id='word_1_209' title='bbox 988 1909 1144 1941; x_wconf 86' lang='lat' dir='ltr'><strong>Curantes</strong></span> <span class='ocrx_word' id='word_1_210' title='bbox 1172 1910 1355 1951; x_wconf 81' lang='lat' dir='ltr'><strong>diligenter,</strong></span> 
     </span>
     <span class='ocr_line' id='line_1_71' title="bbox 984 1957 1395 1997; baseline 0.01 -10"><span class='ocrx_word' id='word_1_211' title='bbox 984 1957 1204 1997; x_wconf 87' lang='lat' dir='ltr'><strong>Vosmetipsos</strong></span> <span class='ocrx_word' id='word_1_212' title='bbox 1230 1958 1395 1991; x_wconf 87' lang='lat' dir='ltr'><strong>honoratis</strong></span> 
     </span>
     <span class='ocr_line' id='line_1_72' title="bbox 983 2004 1430 2046; baseline 0.011 -11"><span class='ocrx_word' id='word_1_213' title='bbox 983 2004 1154 2037; x_wconf 89' lang='lat' dir='ltr'><strong>Manentes</strong></span> <span class='ocrx_word' id='word_1_214' title='bbox 1180 2007 1430 2046; x_wconf 85' lang='lat' dir='ltr'><strong>congaudenter.</strong></span> 
     </span>
    </p>
   </div>
   <div class='ocr_carea' id='block_1_18' title="bbox 981 2109 1522 2399">
    <p class='ocr_par' dir='ltr' id='par_1_23' title="bbox 986 2109 1411 2158">
     <span class='ocr_line' id='line_1_73' title="bbox 986 2109 1411 2158; baseline 0.012 -17"><span class='ocrx_word' id='word_1_215' title='bbox 986 2109 1050 2142; x_wconf 89' lang='lat' dir='ltr'><strong>Vos</strong></span> <span class='ocrx_word' id='word_1_216' title='bbox 1074 2110 1247 2144; x_wconf 91' lang='lat' dir='ltr'><strong>Dominum</strong></span> <span class='ocrx_word' id='word_1_217' title='bbox 1274 2112 1411 2158; x_wconf 88' lang='lat' dir='ltr'><strong>diligite,</strong></span> 
     </span>
    </p>

    <p class='ocr_par' dir='ltr' id='par_1_24' title="bbox 984 2157 1401 2205">
     <span class='ocr_line' id='line_1_74' title="bbox 984 2157 1401 2205; baseline 0.012 -16"><span class='ocrx_word' id='word_1_218' title='bbox 984 2157 1048 2190; x_wconf 92' lang='lat' dir='ltr'><strong>Vos</strong></span> <span class='ocrx_word' id='word_1_219' title='bbox 1073 2163 1235 2192; x_wconf 86' lang='lat' dir='ltr'><strong>sectantes</strong></span> <span class='ocrx_word' id='word_1_220' title='bbox 1258 2162 1401 2205; x_wconf 81' lang='lat' dir='ltr'><strong>semitas,</strong></span> 
     </span>
    </p>

    <p class='ocr_par' dir='ltr' id='par_1_25' title="bbox 981 2206 1375 2300">
     <span class='ocr_line' id='line_1_75' title="bbox 982 2206 1352 2250; baseline 0.014 -13"><span class='ocrx_word' id='word_1_221' title='bbox 982 2206 1021 2238; x_wconf 91' lang='lat' dir='ltr'><strong>In</strong></span> <span class='ocrx_word' id='word_1_222' title='bbox 1046 2206 1117 2239; x_wconf 91' lang='lat' dir='ltr'><strong>luce</strong></span> <span class='ocrx_word' id='word_1_223' title='bbox 1138 2207 1201 2240; x_wconf 90' lang='lat' dir='ltr'><strong>Dei</strong></span> <span class='ocrx_word' id='word_1_224' title='bbox 1226 2210 1352 2250; x_wconf 87' lang='lat' dir='ltr'><strong>pergite</strong></span> 
     </span>
     <span class='ocr_line' id='line_1_76' title="bbox 981 2253 1375 2300; baseline 0.015 -15"><span class='ocrx_word' id='word_1_225' title='bbox 981 2253 1190 2288; x_wconf 84' lang='lat' dir='ltr'><strong>Dimittentes</strong></span> <span class='ocrx_word' id='word_1_226' title='bbox 1211 2258 1375 2300; x_wconf 59' lang='lat' dir='ltr'><strong>tenebram,</strong></span> 
     </span>
    </p>

    <p class='ocr_par' dir='ltr' id='par_1_26' title="bbox 982 2302 1396 2351">
     <span class='ocr_line' id='line_1_77' title="bbox 982 2302 1396 2351; baseline 0.017 -18"><span class='ocrx_word' id='word_1_227' title='bbox 982 2303 1013 2334; x_wconf 91' lang='lat' dir='ltr'>A</span> <span class='ocrx_word' id='word_1_228' title='bbox 1037 2302 1175 2337; x_wconf 87' lang='lat' dir='ltr'><strong>Domino</strong></span> <span class='ocrx_word' id='word_1_229' title='bbox 1200 2315 1257 2338; x_wconf 87' lang='lat' dir='ltr'><strong>vos</strong></span> <span class='ocrx_word' id='word_1_230' title='bbox 1282 2307 1396 2351; x_wconf 88' lang='lat' dir='ltr'><strong>petite,</strong></span> 
     </span>
    </p>

    <p class='ocr_par' dir='ltr' id='par_1_27' title="bbox 985 2347 1522 2399">
     <span class='ocr_line' id='line_1_78' title="bbox 985 2347 1522 2399; baseline 0.019 -18"><span class='ocrx_word' id='word_1_231' title='bbox 985 2347 1077 2395; x_wconf 73' lang='lat' dir='ltr'><strong>(Qui)</strong></span> <span class='ocrx_word' id='word_1_232' title='bbox 1112 2353 1248 2392; x_wconf 88' lang='lat' dir='ltr'><strong>praebet</strong></span> <span class='ocrx_word' id='word_1_233' title='bbox 1271 2355 1363 2388; x_wconf 88' lang='lat' dir='ltr'><strong>vobis</strong></span> <span class='ocrx_word' id='word_1_234' title='bbox 1389 2357 1522 2399; x_wconf 80' lang='lat' dir='ltr'><strong>gratias.</strong></span> 
     </span>
    </p>
   </div>
   <div class='ocr_carea' id='block_1_19' title="bbox 278 2433 1005 2476">
    <p class='ocr_par' dir='ltr' id='par_1_28' title="bbox 278 2433 1005 2476">
     <span class='ocr_line' id='line_1_79' title="bbox 278 2433 1005 2476; baseline 0.014 -13"><span class='ocrx_word' id='word_1_235' title='bbox 278 2433 305 2471; x_wconf 86' lang='lat'><strong>3,</strong></span> <span class='ocrx_word' id='word_1_236' title='bbox 327 2433 346 2464; x_wconf 86' lang='lat'><strong>3</strong></span> <span class='ocrx_word' id='word_1_237' title='bbox 366 2436 440 2464; x_wconf 81' lang='lat' dir='ltr'><strong>fehlt</strong></span> <span class='ocrx_word' id='word_1_238' title='bbox 459 2439 525 2466; x_wconf 86' lang='lat' dir='ltr'><strong>eine</strong></span> <span class='ocrx_word' id='word_1_239' title='bbox 544 2437 635 2467; x_wconf 85' lang='lat' dir='ltr'><strong>Silbe.</strong></span> <span class='ocrx_word' id='word_1_240' title='bbox 655 2455 694 2459; x_wconf 94' lang='lat'><em>-</em></span> <span class='ocrx_word' id='word_1_241' title='bbox 714 2439 740 2476; x_wconf 91' lang='lat'><strong>6,</strong></span> <span class='ocrx_word' id='word_1_242' title='bbox 763 2440 778 2469; x_wconf 87' lang='lat'>1</span> <span class='ocrx_word' id='word_1_243' title='bbox 799 2442 881 2471; x_wconf 75' lang='lat' dir='ltr'><strong>Estis</strong></span> <span class='ocrx_word' id='word_1_244' title='bbox 901 2446 1005 2473; x_wconf 84' lang='lat' dir='ltr'><strong>saneti.</strong></span> 
     </span>
    </p>
   </div>
  </div>
 </body>
</html>
