1651 2700
141 223 175 258 4.
201 224 327 260 Mundo
353 232 484 269 praesul
511 240 646 272 corpore

252 274 334 314 Quia
359 279 478 311 munde
503 280 595 322 vixit,

200 317 381 356 Dominum
407 326 440 357 in
466 330 598 367 pectore

256 370 381 405 Mundo
407 373 585 410 benedixit.

142 464 174 496 5.
203 464 276 498 Non
303 470 352 499 est
375 469 425 500 illi
451 470 565 503 similis

247 514 395 548 Praesuli
418 517 580 561 inventus,

197 561 296 601 Quem
323 568 472 597 senectus
498 566 628 599 humilis

244 608 374 643 Laudat
399 615 433 644 et
455 613 615 649 iuventuS.

314 734 360 762 Ad
379 736 569 767 Benedictus.

119 800 161 833 A.
195 802 234 834 In
262 803 356 836 domo
383 806 539 840 ecclesiae

193 849 372 884 Luminare
396 853 494 887 hodie

241 898 396 940 Magnum
423 906 471 934 est
495 904 670 946 incensum,

194 946 388 981 Altmannus
413 951 611 993 magnificus,

194 993 302 1034 Opere
326 996 492 1038 mirificus,

240 1042 364 1076 Lumen
392 1046 472 1078 dans
497 1047 705 1091 immensum3

239 1091 293 1123 Ad
315 1100 395 1131 opus
420 1094 548 1127 virtutis

190 1136 293 1170 Huius
318 1148 417 1179 prece
442 1142 539 1183 erige,

187 1185 272 1225 Iesu,
301 1196 359 1219 nos
387 1192 418 1220 et
445 1190 548 1231 dirige

236 1233 275 1266 In
301 1236 388 1267 viam
414 1238 537 1271 salutis.

307 1391 386 1423 Per
412 1392 560 1427 Horas.

325 1486 373 1514 Ad
391 1488 533 1517 Primam.

108 1552 149 1585 A.
189 1553 239 1585 De
267 1555 386 1588 virtute
410 1557 529 1598 iugiter

229 1602 306 1635 Ibat
328 1603 362 1636 in
389 1606 540 1640 virtutem

180 1650 377 1685 Altmannus
404 1654 548 1689 feliciter

231 1698 405 1734 Lucrando
432 1704 579 1738 salutern.

320 1826 367 1854 Ad
388 1828 531 1857 Tertiam.

104 1894 146 1927 A.
183 1894 256 1927 Non
283 1895 337 1928 hic
361 1900 580 1933 mercenarius

222 1943 293 1976 Nec
318 1945 413 1987 lupus
441 1948 593 1990 crudelis,

177 1991 242 2025 Sed
269 1991 332 2026 fuit
357 1994 497 2028 vicarius

224 2041 356 2075 Domini
381 2042 499 2078 fidelis.

325 2167 374 2196 Ad
395 2169 528 2197 Sextam.

99 2236 142 2270 A.
183 2236 316 2270 claudis
342 2247 488 2279 gressum
515 2244 647 2281 reparat

221 2285 266 2318 Et
291 2286 389 2319 mutis
412 2288 585 2332 loquelam,

175 2333 290 2367 Sardis
314 2344 409 2368 aures
434 2340 560 2369 reserat

220 2383 340 2424 Aegris
368 2384 448 2417 dans
473 2385 645 2420 medelam.

176 2459 201 2486 B
222 2459 272 2486 fol.
297 2457 353 2488 168
374 2469 392 2488 a
412 2469 455 2497 sq.

774 139 916 175 47—

1047 278 1093 306 Ad
1113 281 1239 316 Nonam,

822 353 864 386 A.
902 354 1014 387 ancis
1039 357 1143 389 visum
1168 359 1333 402 praebuitr

943 402 1084 444 Fugavit
1112 406 1282 439 daemonia

893 450 1111 492 Plurimisque
1137 453 1244 486 adfuit

940 499 1039 531 Plura
1063 509 1123 540 per
1149 503 1293 536 remedia

955 692 1000 723 In
1027 693 1059 725 2.
1088 693 1307 734 vesperis.

1033 797 1230 835 Antiphonae.

829 873 860 906 1.
886 873 1046 915 Erogavit
1070 876 1211 909 triticum

934 922 1128 956 Altmannus
1153 926 1287 967 insignis

886 970 1057 1003 Conservis
1084 972 1277 1005 dominicum

931 1017 975 1049 Et
1001 1019 1109 1051 verbis
1137 1024 1169 1052 et
1193 1022 1307 1061 signis.

825 1113 856 1144 2.
884 1112 1064 1153 sospitates
1091 1124 1260 1156 corporum

929 1161 1081 1201 Aegrotis
1107 1165 1307 1208 praestabat,

881 1208 913 1240 A
938 1209 1012 1241 labe
1037 1209 1215 1243 facinorum

930 1257 1065 1290 Animas
1091 1260 1278 1296 mundabat.

824 1353 855 1385 3.
883 1351 989 1394 Digne
1013 1354 1046 1386 in
1072 1357 1259 1389 memoriam

925 1401 1073 1435 Vertitur
1099 1408 1284 1438 cunctorum

878 1450 1024 1493 Praesu1‚
1052 1452 1107 1493 qui
1132 1453 1176 1485 ad
1201 1454 1340 1493 gloriam

927 1497 1072 1531 Transiit
1096 1503 1290 1537 sanctorum.

819 1595 851 1626 4.
879 1594 1086 1636 Conregnans
1114 1598 1305 1632 caelestibus

927 1644 1027 1683 Apud
1053 1654 1161 1686 regem
1188 1647 1270 1678 caeli

879 1690 983 1724 Nobis
1008 1693 1114 1732 prosit
1137 1695 1293 1727 omnibus

927 1740 1066 1773 Precatu
1094 1741 1194 1776 fideli.

998 1875 1045 1903 Ad
1065 1876 1248 1913 Magnificat.

804 1952 846 1988 A.
879 1952 1059 1986 Coruscans
1085 1956 1248 1997 meridies,

877 2000 1043 2035 Gaudiosa
1068 2004 1207 2045 requies,

924 2050 1009 2083 Viva
1034 2051 1121 2084 salus
1149 2052 1300 2093 omnium,

923 2098 1057 2131 Plenum
1087 2100 1193 2132 cordis
1218 2100 1386 2142 gaudium⁷

974 2147 1060 2188 Iesu,
1086 2157 1152 2188 pax
1176 2151 1319 2189 aeterna,

874 2194 1044 2227 Altmanni
1070 2196 1225 2228 antistitis

874 2242 1031 2275 Precibus
1057 2246 1090 2275 et
1113 2244 1238 2276 meritis

921 2290 973 2323 Da
999 2299 1069 2322 oum
1096 2292 1217 2323 sanctis
1242 2291 1398 2324 omnibuse

923 2338 1026 2370 Nobis
1051 2342 1085 2370 te
1112 2340 1291 2372 colentibus

971 2385 1099 2420 Gaudia
1124 2392 1266 2423 aeterna.
