1651 2700
682 152 948 188 —203-

189 276 198 282 .
223 248 273 280 Tu
300 256 344 291 es,
373 257 462 290 crux,
490 247 692 282 sanctificata

223 296 443 329 Sanctissimis
468 297 624 339 vestigiis,

221 345 272 377 Tu
289 354 334 387 es,
363 354 450 387 crux,
479 343 657 377 clarificata

224 393 444 425 Sanctissimis
469 393 639 434 prodigiis,

223 441 274 473 Tu
300 450 344 482 es,
372 450 463 480 crux,
490 440 696 482 magnificata

225 489 443 521 Sanctissimis
469 488 639 530 suffragiis.

191 610 198 618 .
226 586 277 618 Tu
303 586 422 617 atrocis
449 585 609 625 passionis

227 633 349 666 Salutis
375 642 408 665 es
434 633 624 673 remedium,

225 681 275 713 Tu
302 690 335 713 es
363 690 442 713 crux
467 681 700 721 redemptionis

225 729 276 761 Tu
301 733 513 770 prostrasque
539 729 752 769 daemonium,
804 729 810 735 “

225 778 275 809 Tu
302 787 335 810 es
362 787 442 810 crux
467 778 667 818 salvationis,

226 827 264 858 In
292 830 324 858 te
351 827 497 859 videmus
523 826 685 867 gaudium.

191 947 198 955 .
228 922 310 954 Nam
336 921 401 954 fuit
424 923 458 954 in
484 925 517 954 te
542 922 711 962 proelium,

226 971 350 1013 Pugna,
378 973 550 1013 certamen,
577 970 696 1010 passio,

228 1018 331 1058 Mors,
371 1019 448 1058 vita,
478 1019 589 1059 virtus,
616 1016 793 1057 praemium

228 1065 397 1108 Salusque,
424 1066 493 1108 lux,
521 1066 677 1104 salvatio,

229 1113 376 1145 Christus
403 1114 543 1146 redemit
567 1113 720 1154 populum

227 1161 279 1193 Ex
305 1162 463 1202 sanguine
488 1161 701 1192 sanctissimo.

192 1281 200 1290 .
226 1256 319 1289 Haec
348 1257 455 1288 omnia
479 1265 538 1288 nos
564 1256 693 1296 satient,

225 1305 394 1337 Portemus
420 1305 454 1336 in
478 1304 644 1344 memoria,

227 1353 296 1385 Nos
324 1353 464 1384 dulciter
488 1352 661 1391 inebrient,

227 1400 331 1433 Nobis
359 1401 539 1433 concedant
564 1399 719 1440 praemia,

228 1449 410 1481 Virtutibus
436 1458 494 1481 nos
521 1449 679 1488 repleant,

226 1497 270 1530 Ut
296 1498 395 1529 simus
423 1497 511 1537 digni
537 1496 652 1537 gloria.

190 1622 197 1629 .
224 1590 548 1638 Praemittatur[que]
577 1593 639 1624 hoc
665 1592 791 1633 signum

226 1643 264 1675 In
290 1642 447 1681 omnibuS,
476 1650 558 1682 quac
583 1641 734 1682 gerimus,

226 1690 299 1723 Hoc
325 1699 498 1731 sequamur
524 1698 582 1721 nos
608 1688 774 1728 vexillum,

226 1739 320 1771 Beati
346 1748 414 1781 nos,
442 1738 496 1779 qui
522 1737 704 1778 quaerimus

228 1788 320 1820 Istud
348 1795 474 1820 sacrum
501 1790 588 1818 certe
613 1786 746 1827 lignum,

229 1838 383 1868 Amemus
411 1835 509 1867 corde
534 1834 692 1874 protinus

862 248 918 283 10.

862 585 919 618 11.

865 922 920 955 12.

865 1257 920 1288 13.

865 1591 920 1625 14.

943 249 1064 282 Divina
1087 259 1165 281 crux
1189 247 1342 288 inventio,

944 297 1027 330 Erat
1051 298 1124 338 ipsa
1149 305 1201 329 res
1227 296 1340 336 celata,

944 346 982 378 In
1007 346 1143 386 ipsaque
1168 343 1313 386 afflictio,

943 393 1023 425 Fuit
1046 394 1114 425 vita
1138 395 1301 433 reparata,

944 441 982 473 In
1010 450 1110 481 eaque
1135 440 1327 481 redemptio,

945 490 1006 521 Est
1031 488 1212 520 humanitas
1237 489 1359 520 sanata.

946 584 1077 624 Signum
1095 583 1199 615 crucis
1214 591 1306 623 quem
1325 581 1483 622 defendit,

944 632 1026 664 Eum
1051 631 1191 671 facitque
1216 639 1372 674 securum,

947 680 1100 713 Inimicus
1127 688 1190 711 non
1217 678 1361 719 offendit,

946 728 1042 760 Facit
1066 728 1289 767 hominemque
1314 734 1442 766 purum,

946 777 1060 809 Cessat
1086 776 1284 815 daemonque
1309 774 1445 815 recedit,

946 824 1048 857 Tollit
1071 824 1255 863 malumque
1279 825 1460 855 venturum.

948 920 1020 953 Hoc
1046 920 1171 960 signum
1198 921 1247 950 est
1273 917 1428 959 defensio,

946 968 1065 1000 Beatus
1092 967 1152 1007 vir,
1180 967 1234 1007 qui
1258 966 1411 1007 sequitur,

945 1016 998 1049 Ibi
1023 1015 1113 1046 nulla
1139 1013 1293 1051 confusio,

947 1063 981 1095 Si
1006 1064 1067 1095 hoc
1091 1063 1268 1102 praemisso
1295 1061 1427 1101 geritur,

947 1112 1026 1144 Cum
1054 1119 1089 1141 eo
1116 1110 1186 1149 quis
1212 1109 1245 1140 in
1271 1108 1435 1148 gaudium.

947 1158 1104 1191 Ommisso
1131 1156 1202 1196 quis
1230 1154 1448 1188 confunditur.

948 1254 1025 1293 Quis
1051 1253 1176 1285 incedit
1199 1253 1289 1293 quasi
1317 1260 1429 1283 caecus

947 1302 1024 1335 Sine
1049 1302 1141 1341 signo
1168 1303 1300 1332 sanctae
1327 1300 1441 1338 crucis,

947 1350 1011 1383 Sed
1039 1359 1109 1381 cum
1136 1358 1173 1381 eo
1201 1348 1290 1380 vadit
1314 1348 1429 1380 laetus,

947 1398 1016 1431 Sibi
1042 1398 1129 1429 lucet
1153 1397 1261 1428 lumen
1284 1396 1376 1439 lucis,

947 1447 1029 1488 Inde
1056 1448 1162 1477 cessat
1187 1444 1289 1477 omnis
1315 1447 1428 1486 metus,

947 1494 1051 1527 Deum
1078 1495 1161 1526 enim
1188 1496 1223 1525 tu
1248 1492 1411 1526 conducis

950 1590 1063 1623 Crucis
1081 1592 1213 1621 sanctae
1231 1591 1346 1629 potens
1364 1588 1489 1628 siguum

947 1639 1015 1671 Nos
1038 1636 1203 1678 fulciatur,
1232 1637 1342 1675 societ,

948 1687 1052 1719 Nobis
1080 1686 1204 1718 cunctis
1230 1685 1274 1717 sit
1298 1684 1473 1725 benignum

948 1735 1081 1775 Nosque
1107 1735 1227 1767 virtute
1253 1733 1385 1765 roboret

947 1784 1058 1816 Pellat
1083 1791 1240 1823 omneque
1264 1782 1439 1822 malignum

948 1831 1116 1871 Nobisque
1141 1831 1227 1863 bona
1252 1833 1438 1870 praeparet.

232 1929 257 1966 1,
274 1929 289 1959 1
311 1932 389 1959 Nam
410 1932 450 1958 in.
472 1947 510 1950 —
530 1928 557 1965 4,
572 1928 593 1957 4
613 1929 696 1957 diriS.
711 1943 749 1947 —
766 1925 811 1963 10,
826 1926 843 1956 6
864 1928 906 1956 Et
924 1928 1105 1955 humanitas.
1121 1942 1158 1946 —
1177 1924 1221 1961 12,
1237 1923 1254 1954 3
1276 1926 1434 1954 confessu.
1453 1942 1491 1946 -

222 1968 239 1998 6
260 1971 342 1999 Deus
367 1971 453 1998 enim.

423 2122 471 2154 29.
513 2122 651 2162 Hymnus
676 2121 714 2153 de
734 2119 796 2153 Deo
817 2120 968 2160 loquente
989 2119 1028 2150 ad
1050 2118 1215 2150 hominem.

192 2253 197 2260 .
225 2225 273 2257 Te
298 2223 407 2257 creavi
433 2222 588 2265 bonitate,

225 2273 270 2307 Ut
295 2281 381 2305 esses
407 2271 486 2304 mihi
513 2270 637 2314 similis,

223 2322 270 2354 Te
296 2320 410 2354 ornavi
438 2320 606 2362 dignitate,

220 2371 267 2404 Ut
292 2378 378 2402 esses
405 2369 485 2401 satis
511 2368 640 2408 nobilis,

222 2419 269 2450 Te
293 2416 418 2459 perfeci
445 2417 592 2457 caritate,

225 2467 269 2500 Ut
297 2474 383 2498 esses
410 2466 489 2498 mihi
511 2465 641 2497 habilis.

863 2221 898 2255 2.
923 2218 1032 2251 Fuisti
1057 2227 1076 2249 a
1101 2225 1152 2248 me
1177 2215 1335 2249 formatus

922 2267 978 2300 Ad
1004 2275 1106 2298 meam
1132 2265 1195 2297 iam
1222 2265 1406 2305 imaginem.

926 2315 976 2347 Tu
1001 2314 1124 2346 honore
1151 2317 1333 2355 coronatus,

926 2362 1078 2397 Concessi
1104 2362 1367 2405 sanctitudinem,

924 2412 974 2444 Tu
1001 2411 1138 2443 dilectus
1166 2414 1198 2442 et
1223 2414 1358 2454 amatus,

925 2462 954 2492 A
979 2468 1031 2491 me
1056 2459 1223 2501 sumpsisti
1249 2460 1403 2501 regimen.
