1651 2700
719 151 976 187 —264-

603 245 664 276 126.
706 245 842 285 Hymnus
863 253 958 285 super
980 244 1095 276 codem.

209 309 240 341 1.
266 307 411 340 Summus
437 307 534 349 Deus,
563 306 761 346 diligendus,

265 355 484 397 Venerandus,
511 354 707 395 adorandus,

266 403 430 436 Gloriosus
455 406 499 446 tu,
528 402 690 441 colendus,

264 451 312 483 'I'u
338 450 528 491 laudandus,
555 450 755 490 exaltandus,

264 499 313 530 Tu
339 498 492 540 excelsus,
519 497 720 539 metuendus,

263 546 312 578 Tu
337 545 546 588 quaerendus,
574 545 818 585 exspectandus.

228 633 236 641 .
264 608 397 639 Tuearis
421 616 482 649 me,
511 606 648 639 defende

262 655 314 688 Ab
341 655 485 687 omnibus
511 655 672 694 periculis,

262 703 312 734 Tu
335 711 385 733 me
412 703 549 742 audique
573 702 714 742 intende,

262 750 308 782 Ut
330 749 450 781 liberer
472 749 512 781 ab
537 750 654 789 impiis,

262 797 361 829 Tuam
387 797 522 838 gratiam
549 796 691 838 ostende,

264 844 314 877 Ne
337 845 453 884 puniar
479 853 516 876 ex
543 844 639 882 vitiiS.

228 932 235 938 .
262 906 312 938 Ne
335 906 378 938 sis
404 909 513 938 contra
538 915 589 937 me
612 906 724 947 iratus,

260 953 348 985 Deus
374 954 565 993 humilisque
590 954 686 991 mitis,

260 1000 322 1032 Fui
349 1004 460 1033 contra
485 1005 517 1032 te
540 1001 695 1042 ingratus.

260 1048 334 1080 Sum
361 1051 512 1088 peccator
536 1052 622 1080 certe
646 1049 752 1086 nimis,

258 1095 328 1135 Ego
353 1105 422 1127 sum
447 1096 645 1136 humiliatus,

259 1142 336 1185 Fac,
363 1147 398 1174 ut
423 1144 530 1175 salver
555 1152 611 1184 ego
639 1144 728 1178 cinis,

229 1230 236 1236 .
264 1204 312 1236 Tu
337 1205 433 1244 mitis,
460 1205 543 1246 pius,
569 1205 707 1245 humilis,

263 1252 312 1283 Tu
336 1251 579 1292 misericorsque
603 1254 751 1291 clemens,

262 1299 310 1331 Tu
336 1300 504 1332 miserator
527 1300 655 1342 nobilis,

260 1347 431 1389 Benignus,
457 1348 568 1390 iustus,
595 1349 733 1390 panem,

262 1394 372 1434 Tuque
398 1398 529 1435 peccata
554 1395 698 1438 abstulis,

261 1441 309 1473 Tu
337 1445 466 1474 cunctos
491 1451 548 1474 nos
575 1444 767 1477 custodiens,

628 1540 689 1571 127.
730 1540 866 1579 Hymnus
887 1540 925 1572 de

886 1603 919 1635 4.

228 1624 235 1631 .
263 1599 436 1639 Honorque
460 1600 539 1642 laus,
566 1601 677 1643 gloria,

262 1647 310 1679 Sit
335 1647 393 1678 tibi
418 1648 651 1690 potentissimo,

263 1694 312 1726 Sit
334 1693 502 1737 fortitudo,
529 1696 642 1738 gratia,

260 1742 415 1782 Salusque
438 1743 541 1774 virtus
565 1743 712 1786 Domino,

260 1790 517 1831 Triumphusque
540 1792 688 1832 victoria,

260 1837 438 1878 Gratesque
460 1838 651 1873 benedictio.

223 1926 231 1933 .
258 1901 360 1932 Tuum
387 1901 547 1932 excelsum
572 1901 738 1933 brachium

256 1948 415 1988 Regitque
441 1952 542 1980 terret
567 1950 745 1990 dominam,

257 1996 344 2028 Raro
371 1997 515 2029 extendis
541 1998 693 2038 gladium,

258 2043 336 2082 Quia
360 2047 394 2075 tu
419 2044 501 2086 pius,
529 2046 688 2088 mitigans,

257 2091 306 2123 Tu
329 2091 370 2123 da
394 2101 535 2132 perenne
559 2094 721 2136 gaudium,

257 2139 306 2171 Tu
330 2143 442 2172 nostra
467 2141 564 2173 corde
587 2142 756 2175 luminans

207 2201 233 2233 “.
258 2200 310 2232 Da
334 2201 410 2233 mihi
437 2205 472 2234 tu
497 2204 661 2235 consilium

255 2247 299 2280 Et
324 2250 458 2282 ostende
481 2251 632 2291 salutare,

255 2295 475 2338 Favoremque
496 2300 659 2341 auxilium,

256 2343 305 2374 Tu
332 2344 472 2385 digneris
496 2355 546 2378 me
571 2349 708 2391 salvare,

257 2390 438 2433 Salutisque
462 2395 670 2438 praesidium,

258 2439 312 2470 Ad
337 2444 369 2472 te
393 2442 511 2480 possim
538 2452 691 2478 remeare.

895 309 926 340 5.

954 306 1002 338 Tu
1027 308 1122 346 pater
1147 314 1179 337 es
1205 304 1416 345 omnipotens,

952 354 1073 386 Sedens
1097 353 1131 385 in
1157 353 1272 385 throno
1299 351 1455 393 iudicans,

950 402 1000 434 Tu
1023 402 1057 433 in
1082 401 1217 432 excelsis
1242 402 1446 441 permane-ns,

951 449 1090 482 Cunctos
1115 449 1237 480 virtute
1263 448 1429 487 roborans,

949 497 998 529 Tu
1024 496 1192 538 gloriosus,
1221 496 1358 536 diligens

948 545 993 577 Et
1018 545 1162 576 homines
1187 543 1375 576 iustificam.

948 606 1121 645 Mirabilis,
1147 606 1314 644 terribilis,

947 654 1139 693 Montesque
1163 654 1264 685 valles
1291 652 1461 693 conspicis,

948 701 1170 741 Amabilisque
1196 700 1335 740 humilis,

946 751 997 782 Tu
1021 751 1207 790 peccatores
1232 748 1378 790 respicis,

950 796 1204 836 Laudabilisque
1228 795 1356 833 nobilis,

947 845 997 876 Tu
1022 844 1209 876 laborantes
1236 842 1354 875 reficis

912 931 918 938 .
945 906 1002 938 Me
1026 907 1059 938 in
1086 906 1205 938 virtute
1229 904 1359 945 perfice,

947 954 993 987 Ut
1018 954 1075 985 sim
1103 954 1238 985 salutem
1265 961 1474 996 consequens,

947 1002 996 1034 Tu
1021 1010 1072 1033 me
1096 1001 1234 1041 benigne
1258 1001 1378 1041 recipe,

946 1049 1000 1081 Ad
1025 1053 1057 1080 te
1082 1049 1141 1080 sim
1170 1049 1274 1080 clarus
1298 1049 1441 1090 veniens,

947 1097 996 1129 Tu
1022 1097 1154 1129 auxibus
1180 1105 1231 1128 me
1256 1097 1399 1137 percipe,

947 1145 1003 1176 Me
1027 1153 1154 1176 servum
1181 1147 1249 1176 esto
1274 1147 1459 1185 protegens.

949 1206 1000 1238 Da
1022 1206 1102 1238 mihi
1128 1206 1208 1238 caeli
1232 1207 1393 1249 gaudium,

948 1254 1054 1286 Vitam
1081 1257 1233 1286 aeternae
1257 1255 1391 1294 gloriae,

946 1301 995 1333 Tu
1021 1302 1134 1341 plenus
1160 1305 1249 1333 certe
1273 1302 1427 1341 laudium,

947 1349 1014 1381 Iam
1040 1349 1100 1381 tibi
1126 1349 1185 1380 sim
1208 1350 1390 1382 memoriae,

946 1398 999 1428 Ad
1026 1400 1111 1428 tuam
1138 1406 1258 1437 cenam,
1285 1398 1459 1437 prandium

946 1444 1002 1476 Me
1026 1453 1116 1486 voca,
1142 1445 1373 1485 potentissime.

946 1541 1061 1572 eodem.

946 1602 1018 1634 Non
1043 1603 1161 1642 perdas
1187 1611 1238 1634 me
1262 1603 1295 1635 in
1321 1604 1475 1645 tenebris,

945 1650 995 1681 Tu
1019 1650 1179 1690 perducas
1205 1660 1255 1682 me
1281 1652 1323 1682 ad
1348 1652 1465 1695 lucem,

946 1697 996 1730 Sis
1021 1698 1099 1729 mihi
1124 1698 1207 1738 pius,
1234 1699 1374 1740 humilis,

946 1745 1044 1778 Salva
1068 1754 1119 1777 me
1142 1755 1201 1786 per
1225 1750 1312 1779 tuam
1339 1757 1466 1781 crucem

945 1793 997 1826 Sis
1021 1794 1100 1825 mihi
1126 1794 1245 1837 largus,
1272 1795 1401 1839 nobilis,

944 1842 1066 1874 Precor
1089 1845 1123 1873 te
1146 1851 1293 1875 veracem
1319 1844 1434 1878 lucem.

1470 1776 1478 1792 7

911 1929 917 1936 .
946 1904 981 1938 Si
1003 1904 1107 1937 intras
1132 1905 1166 1936 in
1187 1905 1341 1938 iudicium

943 1952 1081 1995 Mecum,
1110 1956 1198 1984 certe
1222 1962 1287 1987 non
1312 1955 1473 1999 salvabor,

945 2000 980 2033 Si
1005 2001 1090 2041 geris
1116 2003 1151 2032 tu
1177 1999 1329 2045 officium,

943 2048 1013 2089 Ego
1038 2049 1141 2080 malus
1168 2050 1418 2084 condemnabor.

945 2096 1080 2128 Dimitte
1104 2096 1307 2142 maleficium,

943 2144 975 2177 A
998 2147 1032 2176 te
1056 2145 1126 2177 Deo
1153 2147 1342 2181 coronabor.

912 2234 918 2240 .
946 2207 971 2240 Ο
998 2216 1092 2247 quam
1118 2209 1286 2252 tremesco,
1315 2210 1423 2253 timeo,

948 2255 1026 2287 Cum
1052 2256 1115 2287 erit
1139 2264 1228 2287 meus
1254 2257 1372 2294 obitus,

948 2304 1085 2335 Peccata
1109 2312 1181 2334 mea
1208 2303 1321 2347 defleo,

946 2351 1062 2391 Ignoro
1084 2350 1179 2383 finem
1205 2353 1344 2393 penitus,

947 2398 1111 2431 Contritus
1138 2400 1237 2431 corde
1264 2400 1368 2441 doleo,

947 2445 995 2478 Sit
1020 2446 1190 2478 miserator
1215 2447 1383 2482 Dominus.
