1651 2700
661 133 709 137 —
759 114 826 150 255
876 135 924 139 —

512 205 575 238 108.
616 206 756 246 Hymnus
778 207 861 240 alius
882 208 919 240 de
940 208 1056 240 eodem.

155 295 186 330 1.
213 294 248 328 Si
274 297 420 328 nascitur
444 297 597 329 contritio
850 301 881 332 5.
907 298 978 331 Non
1006 300 1127 331 vereris
1153 302 1187 331 tu
1214 299 1321 331 redire

212 343 479 385 Paenitentiaque
505 345 622 388 cordis,

213 393 281 424 Iam
310 392 395 424 bona
421 396 471 424 est
494 393 725 436 praesumptio,

207 440 255 474 Ut
278 441 426 473 remissio
452 441 495 472 sit
520 441 636 484 sordis,

210 489 242 520 A
267 488 339 521 Deo
366 492 414 520 est
439 489 545 529 tuitio,

212 536 260 569 Ut
284 545 378 577 quem
403 536 524 568 liberet
548 546 569 568 a
592 536 726 570 morbis,

176 659 184 667 .
210 633 304 666 Intra
328 636 364 665 tu
389 643 449 674 per
472 634 553 666 istas
577 637 701 676 portas,

211 681 246 714 Si
274 679 335 726 [tu]
364 682 455 723 cupis
480 686 513 714 te
538 682 679 722 salvari,

212 730 296 770 Quid
324 733 357 762 te
381 729 463 770 ipsis
488 739 552 762 non
579 729 754 773 confortas,

212 777 335 818 Quibus
362 778 450 810 vales
476 777 653 810 luminari?

211 826 246 858 Si
268 825 388 859 vitabis
413 826 483 859 vias
509 829 622 868 tortas,

209 875 259 906 Tu
281 884 346 906 non
371 875 495 916 poteris
523 875 681 907 damnari.

175 996 183 1003 .
210 970 259 1003 Tu
286 970 369 1002 bene
394 971 438 1002 sis
465 971 685 1013 considerans,

210 1019 303 1058 Quod
329 1021 365 1050 tu
387 1019 491 1051 Deum
518 1018 691 1060 offendisti,

212 1066 370 1100 Constans
397 1066 440 1098 sis
465 1067 498 1098 in
524 1066 593 1099 Deo
618 1075 770 1107 sperans;

207 1114 290 1154 Quid
317 1116 353 1145 tu
377 1114 481 1146 Deum
508 1113 692 1154 reliquisti?

208 1162 259 1194 Tu
282 1161 427 1193 manebis
453 1164 589 1193 mortem
614 1161 732 1202 vitans,

209 1209 243 1241 Si
270 1209 438 1241 emendam
465 1212 500 1240 tu
525 1207 644 1242 fecisti.

169 1330 177 1337 .
204 1306 255 1338 Tu
280 1306 451 1338 considera
476 1303 633 1345 futurum,

205 1354 296 1393 Quod
322 1354 451 1386 accidet
474 1354 663 1393 periculum,

207 1402 286 1434 Ruit
310 1411 448 1442 peccans
473 1402 507 1433 in
533 1402 704 1434 obscurum

206 1450 251 1483 Et
276 1451 389 1491 perdit
412 1453 557 1482 sanctum
583 1449 755 1491 saeculum,

208 1498 282 1531 Nisi
307 1499 436 1539 redigat
460 1507 495 1530 se
519 1507 634 1538 purum

205 1548 249 1580 Et
278 1547 435 1579 clarescat
461 1555 521 1587 per
546 1546 723 1586 speculum.

909 347 962 379 Ad
988 347 1171 390 Dominum,
1198 348 1252 387 qui
1277 349 1311 378 te
1335 345 1422 391 fecit,

908 394 1007 435 Cave,
1034 396 1100 428 noli
1126 395 1303 437 superbire,

909 443 1072 485 Prospice,
1100 444 1152 483 qui
1179 447 1212 475 te
1236 441 1384 482 perfecit,

907 489 977 521 Deo
1003 491 1083 522 velis
1109 491 1271 529 oboedire,

908 537 968 577 Qui
994 547 1013 569 a
1038 547 1073 569 se
1097 547 1161 570 non
1187 542 1219 570 te
1242 538 1388 579 proiecit.

872 657 879 665 .
906 634 974 666 Iam
1000 633 1102 665 maior
1128 637 1176 666 est
1202 633 1370 665 clementia

905 682 1005 721 Quam
1028 684 1144 713 natura
1168 685 1383 721 peccatorum.

905 729 978 761 Non
1004 730 1048 761 sit
1071 729 1105 761 in
1132 728 1324 772 diffidentia,

905 778 965 817 Qui
992 778 1179 810 commissor
1203 780 1253 810 est
1276 778 1443 821 malorum,

904 825 967 858 Est
990 825 1078 858 Deus
1103 825 1260 866 patientia

904 873 951 906 Et
974 874 1125 906 remissor
1150 874 1353 907 delictorum.

872 995 879 1003 .
906 971 974 1002 Iste
998 970 1111 1002 modus
1137 969 1327 1001 observetur

906 1017 952 1049 Et
978 1017 1107 1049 canonis
1134 1016 1319 1048 concilium:

907 1064 967 1104 Qui
991 1074 1055 1096 non
1080 1067 1198 1107 servat,
1227 1065 1410 1094 removetur

904 1112 956 1144 Ab
982 1111 1093 1143 usibus
1119 1110 1261 1144 fidelium

905 1159 1140 1199 sepulturaque
1165 1158 1313 1198 privetur

904 1207 969 1239 Hic
993 1215 1083 1238 more
1106 1205 1296 1239 infidelium.

870 1329 877 1336 .
905 1303 982 1342 Quis
1007 1302 1040 1334 in
1066 1302 1195 1334 homine
1220 1311 1284 1334 non
1309 1304 1420 1342 speret

905 1352 1079 1391 Postquam
1108 1351 1149 1383 de
1173 1350 1292 1382 mundo
1318 1349 1423 1383 obiit?

905 1399 994 1431 Bene
1019 1399 1101 1442 quis,
1130 1399 1204 1431 dum
1229 1398 1322 1440 vivit,
1348 1400 1448 1442 geret,

904 1447 977 1479 Non
1004 1447 1098 1479 heres
1126 1447 1192 1479 eius
1217 1446 1374 1490 meminit,

905 1497 1010 1529 Heres
1036 1495 1089 1527 hic
1113 1496 1284 1528 molestum
1310 1493 1404 1534 feret,

906 1543 1067 1576 Memoria
1090 1545 1154 1576 iam
1183 1544 1310 1576 desinit.

496 1646 527 1678 9.
553 1643 647 1675 Haeo
671 1645 799 1675 mortuo
825 1640 1010 1682 proficiunt,

552 1691 587 1724 Si
613 1694 663 1723 est
687 1691 721 1723 in
747 1690 949 1732 purgatorio,

552 1739 585 1772 Si
612 1739 773 1772 celebrari
799 1738 923 1771 faciunt

553 1788 616 1820 Pro
642 1788 791 1828 ipsisque
816 1786 932 1826 oratio,

549 1833 584 1869 Si
609 1836 678 1868 vivi
704 1834 921 1878 satisfaciunt,

551 1885 598 1917 Et
622 1885 729 1925 inopis
758 1883 899 1924 largitio.

208 1953 235 1989 3,
260 1953 274 1983 1
295 1954 373 1983 bene
393 1954 461 1981 seis.
484 1967 521 1972 —
541 1950 569 1987 4,
593 1950 611 1979 2
632 1951 750 1980 accidit.
775 1966 811 1970 —
834 1948 861 1984 5,
883 1948 901 1977 2
921 1950 959 1977 ad
978 1951 1085 1978 Deum.

358 2048 421 2081 109.
463 2048 601 2088 Hymnus
624 2047 664 2079 ad
685 2046 835 2088 regulam
857 2045 1033 2085 aliqualem
1053 2043 1234 2075 tenendam.

169 2166 177 2175 .
205 2140 356 2174 Accedas
382 2140 425 2172 ad
452 2139 633 2179 ecclesiam,

204 2189 307 2223 Sacra
333 2188 444 2221 divina
471 2188 594 2228 videas,

204 2238 331 2278 Quaere
356 2247 376 2269 a
400 2240 506 2269 matre
529 2236 678 2278 gratiam,

204 2286 472 2320 Praedicatorem
498 2285 624 2326 audias,

206 2337 292 2377 Opta
313 2344 486 2376 supernam
512 2333 646 2375 gloriam

203 2385 414 2424 Terrenaque
441 2382 614 2422 despicias,

201 2433 331 2466 vitabis
353 2436 390 2464 tu
415 2432 601 2464 versutiam.

844 2138 877 2169 2.
903 2135 1087 2168 Virtutibus
1114 2133 1303 2171 adhaereas,

906 2183 1057 2224 Sequaris
1082 2185 1118 2214 tu
1145 2179 1350 2213 clementiam

904 2232 950 2265 Et
975 2231 1079 2263 Deum
1104 2233 1194 2262 tuum
1220 2229 1345 2269 timeas,

906 2280 1034 2312 Scande
1059 2286 1231 2319 supernam
1257 2277 1396 2317 patriam

904 2329 950 2361 Et
974 2326 1155 2368 proximum
1182 2328 1217 2358 tu
1244 2325 1370 2366 diligas,

904 2376 998 2409 Pelle
1023 2385 1043 2407 a
1066 2378 1099 2407 te
1125 2374 1293 2413 malitiam,

906 2425 1031 2458 Munda
1058 2424 1098 2456 de
1124 2423 1223 2455 corde
1247 2422 1407 2455 tenebras.
