1651 2700
755 137 1013 172 —172—

373 234 429 266 15.
455 234 510 274 Hi,
537 234 623 266 socio
649 232 802 274 frangunt
826 235 904 266 socii
928 235 982 275 qui
1007 233 1151 273 foedera,
1177 234 1331 275 pangunt,

452 281 554 325 Hunc,
583 282 633 313 cui
659 280 763 314 fracta
786 281 877 326 fides,
905 283 1045 323 sepelire
1068 281 1159 313 iubet
1183 279 1378 313 Zebedides.

375 362 429 395 16.
455 362 512 394 Vir
536 363 666 402 perimit
692 364 794 395 cultro
818 372 854 395 se
876 373 972 396 suasu
1000 363 1164 396 daemonis
1188 363 1285 402 ultro,

454 410 579 449 Sancte,
606 411 660 451 pio
685 411 748 442 rite
773 420 865 451 quem
891 412 1013 451 reddis,
1039 411 1164 449 Iacobe,
1192 411 1289 442 vitae.

376 491 430 523 17.
456 491 554 523 Flens
580 491 659 523 abiit
683 494 758 525 nato
785 495 879 532 pater
902 493 936 524 in
962 501 1056 524 cruce
1082 492 1158 524 fune
1182 492 1291 534 ligato,

451 539 627 578 Reperiens
653 543 779 581 gratum
804 549 969 581 regressus
996 541 1103 572 vivere
1129 543 1248 572 natum.

371 620 425 653 18.
452 620 521 652 Ren
549 619 723 653 defaleavit
753 621 842 653 exsul
867 630 1000 661 seseque
1024 622 1162 661 necavit,

453 666 510 700 Cui
534 668 632 700 Satan
656 669 785 713 insistit,
814 669 923 701 valide
947 669 1145 709 Iacobusque
1170 668 1298 700 restitit.

372 748 426 781 19.
453 748 544 780 Uxor
570 749 620 780 eui
644 750 789 791 moritur,
816 758 852 781 re
877 750 996 781 Franci
1022 759 1123 789 caupo
1149 750 1283 789 potitur.

450 795 514 827 Res
540 796 601 827 sibi
627 797 817 840 redduntur,
844 798 956 829 laudes
980 797 1097 829 Iacobo
1123 796 1318 831 referuntur.

369 877 423 908 20.
451 876 555 908 Turre
579 877 736 909 reclinata
761 878 887 917 captivo
912 877 946 909 fit
973 877 1049 918 fuga
1074 881 1175 918 grata,

452 922 633 956 Confractis
659 925 735 956 loris
761 925 896 965 hymnus
922 926 1039 957 Iacobo
1065 924 1102 958 fit
1127 926 1268 959 honoris,

367 1003 421 1036 21.
449 1004 525 1035 Tiro
549 1005 634 1036 iacet
658 1007 762 1036 mutus
786 1005 894 1037 triduo
920 1005 1100 1045 Iacoboque
1124 1007 1256 1049 solutus,

450 1050 575 1083 Effatur
599 1053 689 1095 mira,
717 1052 856 1084 Satanae
881 1061 951 1084 oum
979 1054 1117 1085 vincitur
1139 1054 1198 1086 ira.

368 1132 423 1165 22.
451 1132 510 1163 Vir
534 1133 657 1172 reperit
680 1142 805 1173 panem,
832 1136 975 1165 ventrem
1002 1143 1062 1174 quo
1088 1135 1194 1174 replet
1217 1135 1354 1173 inanem,

448 1180 513 1218 Quo
540 1188 599 1220 per
621 1181 814 1220 quindenam
838 1184 978 1213 saturam
1005 1180 1082 1213 feoit
1107 1182 1170 1214 sibi
1194 1191 1314 1215 cenam.

370 1260 424 1292 23.
452 1260 523 1292 Non
549 1269 641 1292 sacra
664 1262 706 1293 ad
732 1262 832 1293 stulta
858 1263 947 1294 dives
972 1264 1066 1302 petiit
1090 1272 1187 1303 prece
1209 1265 1320 1304 multa,

447 1307 563 1339 Poenis
588 1309 751 1352 multatur,
780 1310 890 1341 Iacobi
915 1311 1037 1350 pietate
1059 1311 1183 1345 beatur.

371 1381 426 1416 24.
454 1384 577 1423 Fruges
602 1385 716 1416 tutoris
742 1386 858 1417 stultus
885 1390 1004 1418 cremat
1028 1387 1102 1427 igne
1126 1385 1255 1428 furoris,

445 1430 623 1462 Damnatur
649 1432 754 1473 digne,
778 1433 914 1465 Iacobus
936 1443 1028 1473 quem
1054 1435 1151 1466 solvit
1175 1435 1215 1466 ab
1239 1436 1323 1475 igne.

363 1507 419 1539 25.
446 1507 501 1538 Me
527 1508 675 1540 Iacobum
702 1509 733 1540 vi
758 1509 799 1540 tis
824 1518 913 1549 rape,
941 1510 1064 1550 Carole,
1093 1510 1132 1541 de
1158 1511 1331 1552 Moabitis3

443 1554 615 1587 Desolatur
640 1557 687 1588 ita
712 1566 785 1589 mox
810 1566 869 1597 per
896 1556 1044 1590 Carolum
1070 1558 1226 1592 Moabita.

358 1631 414 1664 26.
440 1631 494 1663 Ad
519 1635 663 1663 sanctum
688 1632 754 1664 bini
779 1636 918 1673 pergunt
942 1634 1093 1666 Iacobum
1118 1635 1293 1676 peregrini,

440 1678 591 1710 Perdidit
615 1688 669 1711 aes
694 1689 786 1722 unus,
814 1679 924 1713 furans
951 1690 1055 1713 comes
1083 1685 1130 1714 est
1158 1683 1219 1715 cito
1246 1682 1351 1717 funus.

356 1756 411 1787 27.
440 1755 537 1795 Virgo
559 1758 734 1797 stupratur,
761 1757 897 1789 Iacobus
924 1758 1064 1791 clamore
1089 1762 1233 1801 vocatur,

440 1802 599 1842 Stuprans
623 1805 769 1843 privatur
795 1806 896 1845 oculo,
923 1807 981 1838 sed
1007 1810 1040 1838 et
1065 1808 1274 1842 exanimatur.

357 1878 415 1912 28.
443 1878 560 1911 Cantor
582 1884 749 1920 cognatum
774 1883 881 1922 rapuit
907 1883 1024 1915 Iacobo
1049 1885 1284 1926 monachatum,

437 1926 548 1958 Abbas
576 1930 789 1969 conqueritur,
817 1934 1009 1969 praecentor
1034 1935 1137 1963 morte
1163 1930 1290 1965 feritur.

355 2002 410 2035 29.
437 2001 486 2032 De
512 2001 595 2033 libro
620 2012 744 2043 nomen,
772 2003 899 2037 fallacis
925 2007 978 2045 qui
1004 2007 1088 2046 gerit
1113 2016 1216 2047 omen,

436 2049 537 2089 Rade,
564 2049 652 2082 Deus
678 2050 776 2092 fatur,
803 2053 887 2092 quod
913 2062 972 2093 per
996 2054 1148 2087 Iacobum
1174 2061 1354 2091 revocatur.

355 2126 411 2157 30.
437 2125 562 2157 Reddis
587 2134 647 2165 per
668 2130 792 2160 scutum
817 2127 1002 2170 fugientem,
1029 2131 1156 2172 Iacobe,
1184 2135 1297 2172 tutum,

436 2173 534 2212 Quem
559 2174 620 2206 tibi
644 2175 802 2216 promisit,
829 2180 958 2216 ereptus
986 2186 1097 2217 equum
1126 2180 1190 2212 cito
1216 2182 1312 2213 misit.

355 2250 410 2283 31.
439 2250 529 2289 Quod
555 2251 646 2283 miles
673 2251 791 2284 Christi
817 2253 886 2295 sim,
914 2253 1087 2296 Stephane,
1114 2266 1177 2289 non
1198 2257 1279 2290 bene
1306 2260 1397 2291 scisti

435 2298 584 2331 Clavibus
610 2299 659 2331 his
685 2300 795 2332 valvas
820 2310 928 2334 resero
955 2303 1084 2335 christis
1109 2305 1193 2337 male
1219 2306 1353 2342 clausas
1401 2285 1407 2301 ’

352 2373 407 2405 32.
431 2373 491 2412 Qui
516 2383 640 2407 reseras
665 2380 776 2416 portas
801 2378 915 2417 templi
939 2379 1008 2410 sine
1034 2379 1126 2413 clave
1150 2385 1300 2425 retortas,

435 2421 561 2454 Gaudia
587 2423 704 2455 divinis
731 2424 797 2468 das,
825 2425 951 2467 Iaoobe,
977 2427 1019 2459 tis
1044 2430 1236 2469 peregrinis,
