1651 2700
718 122 980 157 —254—

212 216 244 247 5.
271 214 353 248 Nam
379 218 511 257 spiritus
537 218 710 250 revertitur

268 263 322 295 Ad
347 264 513 305 Deumque
539 265 697 308 caelestia,

267 310 357 350 Quod
384 312 409 343 si
437 312 607 345 mundatus
634 313 785 356 cernitur,

266 358 406 391 Habebit
430 360 501 400 ipse
525 361 651 403 gaudia,

268 406 330 438 Sed
358 415 430 439 caro
455 408 518 440 iam
544 409 719 441 conteritur

265 453 305 485 Se
330 452 468 487 fundans
494 456 535 488 ad
561 457 738 490 terrestria.

897 221 928 253 6.
955 220 1013 260 Qui
1040 223 1127 253 amat
1150 221 1212 253 Dei
1237 221 1382 263 gloriam,

957 268 1054 308 Cupit
1075 269 1147 309 ipse
1171 269 1288 301 bonum
1314 268 1419 310 finem,

954 316 1014 356 Qui
1039 317 1175 349 seminat
1198 317 1364 359 zizaniam,

951 364 1055 396 Metet
1078 365 1149 404 ipse
1174 366 1290 397 malum
1317 374 1436 409 semen,

951 412 1009 451 Qui
1036 413 1181 453 sequitur
1204 412 1373 454 insaniam,

949 460 1035 492 Ruet
1057 460 1128 500 ipse
1152 470 1212 501 per
1238 461 1420 494 discrimen.

547 524 577 556 7.
604 523 790 556 Maneamus
816 534 873 557 nos
898 527 1073 566 prudentes

604 570 760 604 Gerentes
784 574 1040 613 temperantiam,

603 618 707 650 Simus
733 618 843 662 fortes,
870 621 1041 661 patientes,

603 666 788 699 Reddentes
812 677 870 700 nos
895 668 1062 710 iustitiam,

603 713 706 745 Simus
731 724 788 747 nos
813 715 1048 760 intellegentes,

603 761 765 793 Habentes
790 763 991 802 sapientiam.

411 841 470 872 107.
511 842 554 873 De
579 843 777 883 contritione,
799 845 993 879 confessione
1014 848 1047 878 et
1068 848 1275 889 paenitentia.

203 901 234 932 1.
260 900 378 933 Saltem
405 911 487 935 anno
513 903 664 936 confitere

261 948 309 979 Tu
335 950 523 989 presbytero
548 955 691 993 peccata,

260 995 362 1028 Corde
387 998 466 1029 velis
491 999 664 1040 paenitere,

260 1043 303 1074 Et
327 1044 370 1075 sit
394 1045 499 1077 anima
525 1047 672 1087 contrita,

255 1090 306 1122 De
331 1093 505 1124 commissis
530 1094 627 1125 debes
651 1094 739 1135 fiere,

258 1137 308 1169 Ne
332 1138 375 1169 sit
398 1141 503 1171 anima
529 1141 688 1176 damnata.

198 1204 230 1234 2.
257 1203 305 1235 Tu
331 1214 412 1237 anno
440 1206 535 1238 debes
561 1216 686 1239 sumere

254 1250 316 1282 Dei
341 1255 451 1284 sancta
475 1259 682 1293 sacramenta,

256 1297 289 1329 Si
314 1308 376 1330 non
401 1300 449 1331 vis
476 1305 560 1332 certe
585 1311 679 1334 ruere

257 1345 310 1377 Ad
334 1345 452 1378 inferni
476 1346 691 1392 fundamenta,

256 1392 347 1424 Haec
371 1403 433 1426 non
459 1396 506 1426 vis
532 1399 566 1427 tu
593 1397 751 1441 deserere,

258 1440 293 1472 Si
319 1441 364 1472 vis
390 1444 425 1472 tu
448 1444 690 1477 medicamenta.

198 1505 229 1537 3.
257 1506 411 1548 Salusque
436 1509 502 1540 vita
526 1510 654 1551 homini,

254 1553 288 1585 Si
314 1555 417 1587 cordis
444 1560 493 1587 est
520 1559 678 1600 contritio,

251 1601 417 1634 Adhaeret
439 1604 510 1643 ipse
533 1605 655 1646 lumini,

253 1648 286 1681 Si
312 1650 432 1690 geritur
458 1651 623 1694 confessio,

252 1696 313 1728 Est
336 1697 386 1729 illi
410 1699 506 1731 timor
531 1700 669 1742 Domini,

252 1742 286 1775 Si
311 1746 474 1784 quaeritur
499 1750 665 1782 correctio.

192 1811 223 1843 4.
250 1811 347 1849 Quem
371 1816 574 1852 peccatorum
601 1817 743 1855 paenitet

252 1857 498 1898 Cognoscentem
522 1871 557 1894 se
582 1872 743 1905 peccasse,

248 1905 341 1938 Istud
366 1909 489 1948 signum
515 1915 601 1943 certe
628 1911 729 1945 refert

251 1952 423 1986 Caritatein
447 1956 646 2000 impetrasse,

248 2000 362 2041 Homo,
390 2004 443 2043 qui
467 2008 600 2044 peccata
627 2006 732 2048 deflet,

249 2047 289 2080 Se
313 2049 442 2082 videtur
468 2053 664 2089 emendasse.

885 910 916 941 5.
939 908 998 940 Dei
1026 918 1158 950 regnum
1184 913 1233 942 est
1256 913 1404 950 apertum

875 1821 905 1854 8.

941 955 987 988 Et
1008 956 1112 997 dignis
1138 961 1224 989 certe
1248 959 1413 1000 panditur,

942 1003 1005 1036 Cor
1030 1005 1201 1037 contritum
1226 1006 1269 1037 sit
1294 1011 1484 1048 correctum,

940 1050 985 1082 Et
1007 1052 1058 1083 illi
1081 1062 1241 1093 nunquam
1267 1054 1439 1091 clauditur,

939 1098 1042 1131 Homo
1063 1108 1197 1140 sequens
1216 1101 1353 1142 simplex
1369 1106 1493 1135 rectum

940 1146 1008 1178 Iam
1035 1147 1077 1179 ad
1103 1157 1241 1188 superna
1266 1150 1424 1189 graditur.

905 1237 912 1243 .
940 1212 1003 1243 Per
1028 1214 1247 1246 contritionem
1275 1216 1381 1248 cordis

935 1259 979 1291 Et
1005 1260 1147 1293 dolorem
1171 1265 1267 1302 atque
1288 1264 1453 1303 planctum

938 1307 1145 1340 Liberaberis
1171 1319 1191 1341 a
1212 1311 1334 1343 morbis

936 1355 980 1386 Et
1005 1355 1129 1388 videbis
1153 1357 1255 1389 Deum
1281 1362 1428 1391 sanctum

938 1402 1155 1446 Vitabis[que]
1183 1414 1274 1438 casus
1298 1408 1411 1439 mortis

936 1449 981 1481 Et
1005 1451 1138 1483 habebis
1158 1453 1243 1485 vitae
1266 1457 1419 1489 mantum.

903 1540 908 1546 .
935 1515 969 1548 Si
994 1526 1056 1548 non
1083 1518 1145 1550 erit
1169 1520 1239 1559 quis
1265 1522 1420 1553 contritus

938 1563 1007 1596 Nec
1034 1566 1155 1597 dolebit
1179 1568 1249 1607 quis
1276 1577 1315 1600 ex
1342 1570 1448 1613 corde,

936 1612 1027 1644 Vane
1053 1614 1114 1644 erit
1139 1618 1226 1647 certe
1251 1617 1349 1659 nisus,

936 1659 982 1692 Ut
1004 1664 1158 1701 purgetur
1183 1662 1235 1694 hic
1258 1673 1277 1695 a
1302 1665 1407 1708 sorde,

934 1707 994 1738 Est
1019 1708 1132 1740 salutis
1157 1719 1251 1742 verus
1277 1712 1358 1744 ritus

934 1754 1152 1788 Exsistentem
1177 1761 1210 1789 te
1235 1761 1402 1793 concorde.

934 1821 1029 1854 Certe
1052 1832 1112 1864 per
1138 1826 1360 1860 contritionem

931 1869 974 1902 Et
1002 1879 1108 1903 veram
1133 1874 1363 1913 paenitentiam

932 1918 1040 1958 Atque
1065 1928 1124 1959 per
1150 1920 1382 1955 confessionem

932 1965 1074 1998 Habebit
1098 1969 1168 2007 quis
1195 1970 1395 2003 clementiam

931 2012 976 2044 Et
999 2022 1059 2052 per
1084 2015 1205 2048 Christi
1230 2018 1411 2057 passionem

933 2060 1057 2092 Vitabit
1081 2063 1151 2102 quis
1176 2067 1378 2101 sententiam.

532 2121 562 2153 9.
590 2122 822 2156 Paenitentiam
847 2125 880 2157 in
907 2127 973 2159 vita

590 2168 741 2203 Curemus
768 2175 854 2205 certe
879 2172 996 2216 facere,

588 2217 696 2250 Corda
719 2223 831 2253 nostra
855 2222 920 2254 sint
946 2225 1096 2266 contrita,

587 2265 723 2299 Peccata
747 2268 851 2300 sciant
875 2271 1040 2314 plangere,

587 2313 802 2348 Sacramentis
827 2317 892 2349 sint
916 2320 1047 2362 munita,

587 2361 736 2395 Valemus
763 2365 884 2397 caelum
910 2369 1076 2404 scandere.

248 2409 274 2445 9,
295 2409 314 2439 4
334 2414 425 2441 simus
445 2415 594 2453 plangere.
