1651 2700
701 166 936 201 „82-

973 260 1078 300 Digne
1103 257 1235 297 sociata,

927 309 1122 343 Consecrata
1146 305 1216 337 lilio

928 356 1041 399 Vallis,
1069 354 1132 387 Dei
1158 352 1236 393 filio,

977 403 1099 445 Gaude,
1127 411 1145 434 o
1171 402 1310 433 saerata.

357 268 402 297 Ad
424 266 605 304 Magnificat.

170 329 212 362 A.
246 329 386 360 Laetare
410 327 442 358 in
469 325 595 367 gaudio,

292 375 476 409 Petronella
501 376 602 413 grata,

243 423 381 457 Caelesti
405 421 548 461 tripudio

210 501 216 507 ¹
243 500 268 527 Β
289 499 339 526 fol.
362 494 417 525 163
439 497 466 524 b.
487 509 525 515 —
544 495 584 523 In
604 493 715 523 Laud.
735 493 770 520 A.
793 490 825 526 1,
849 489 864 519 1
886 490 1001 519 seheint
1019 489 1070 516 cler
1090 488 1166 516 Sinn
1186 486 1310 520 nobilis,
1332 484 1383 512 der
1403 483 1487 511 Reim

169 537 264 565 nobili
286 546 322 564 zu
342 535 469 563 sordem.

593 615 635 647 14.
657 615 700 646 De
720 622 760 645 ss.
782 613 903 645 Simone
923 613 956 644 et
976 611 1062 643 Iuda.

1051 671 1097 698 Ad
1115 667 1297 705 Magnificat.

860 723 901 755 A.
937 722 961 754 Ο
989 721 1075 763 Sion,
1103 718 1256 759 tripudia,

934 770 1058 802 Ornant
1081 766 1231 798 natalitia

387 819 584 855 Antiphonae.
980 817 1081 855 Quam
1105 813 1321 854 apostolorum

932 862 1100 896 Thaddaei
1125 865 1157 893 et
1182 859 1330 900 Simonis,

931 911 992 951 Qui
1018 910 1183 942 calcarunt
1208 906 1371 940 daemonis

980 958 1074 990 Vires
1100 957 1132 988 vi
1159 956 1324 995 donorum,

314 728 360 759 In
386 727 416 759 1.
444 725 658 765 Vesperis.

189 889 219 922 1.
248 889 272 921 O
298 890 401 919 mater
426 886 570 929 ecelesia,

291 934 462 968 Iubilando
488 933 572 975 lude,

247 983 361 1016 Colens
384 981 532 1013 natalitia

295 1029 432 1063 Simonis
459 1031 492 1059 et
516 1028 627 1060 Iudae·
981 1006 1169 1038 Interventu
1194 1011 1326 1043 quorum

933 1054 1002 1085 Tuo
1027 1054 1111 1085 lotos
1129 1051 1294 1091 sanguine,

937 1101 1111 1133 Sabbatum
1137 1099 1188 1139 da,
1214 1097 1361 1138 Domine,

984 1148 1086 1180 Nobis
1108 1146 1323 1179 sabbatorum.

192 1108 223 1139 2.
250 1105 322 1137 Duo
348 1104 403 1135 isti
427 1104 552 1144 pugiles

303 1152 432 1184 Domini
454 1152 574 1183 virtute

256 1201 484 1239 Pugnaverunt
506 1197 637 1229 stabiles

302 1246 417 1279 Mundi
443 1254 502 1285 pro
525 1245 636 1276 salute.
1002 1224 1062 1255 Ad
1086 1222 1356 1255 Matutinam.

1076 1288 1293 1316 Invitatorium.

940 1344 1120 1376 Adoremus
1145 1350 1240 1373 unum
1266 1340 1371 1373 Deum

989 1390 1135 1428 Psalmis,
1163 1388 1299 1429 hymnis,
1326 1387 1433 1425 latria,

941 1438 1102 1471 Simonem
1127 1437 1181 1477 qui
1206 1439 1238 1467 et
1262 1435 1471 1467 Thaddaeum

989 1486 1105 1518 Beavit
1127 1485 1160 1516 in
1186 1484 1299 1524 gloria.

198 1325 229 1356 3.
257 1322 371 1355 Dulcis
394 1321 478 1361 quod
506 1329 549 1361 eS,
574 1320 720 1360 Domme,

305 1370 364 1402 Isti
390 1371 608 1409 gustaverunt,

256 1418 321 1450 Pro
348 1420 404 1448 tuo
430 1424 465 1447 se
490 1416 617 1447 nomine

309 1464 406 1498 Ultro
431 1462 666 1503 impenderunt.

200 1543 232 1574 4.
260 1540 469 1573 Alabastrum
495 1537 654 1577 frangitur

308 1589 353 1621 Ut
377 1588 410 1618 in
435 1589 540 1618 morte
564 1585 686 1625 horum,

262 1636 319 1668 Vis
345 1634 499 1674 unguenti
523 1635 686 1673 spargitur
1086 1626 1284 1662 Antiphonae.

307 1683 391 1716 Usui
415 1682 598 1713 multorum.
886 1678 916 1711 1.
944 1679 1005 1711 Dei
1029 1683 1164 1711 narrant
1188 1678 1321 1719 gloriam

992 1726 1099 1759 Simon
1126 1730 1159 1759 et
1181 1726 1385 1768 Thaddaeus‚

944 1775 996 1806 Ad
1024 1775 1106 1806 caeli
1129 1774 1289 1806 laetitiam

993 1823 1077 1862 Quos
1103 1823 1231 1855 vocavit
1253 1821 1352 1853 Deus.

888 1886 920 1916 2.
948 1885 1053 1916 Multa
1077 1884 1245 1916 tribulatio

994 1933 1100 1964 Iustos
1125 1930 1312 1972 flagellavit,

946 1979 998 2012 De
1023 1989 1087 2020 qua
1110 1980 1273 2011 miseratio

993 2027 1058 2059 Dei
1083 2028 1141 2059 hos
1167 2028 1314 2059 salvavit.

1003 1563 1046 1594 ln
1076 1563 1106 1594 1.
1133 1561 1159 1592 N
1174 1562 1362 1592 oeturnO.

200 1762 231 1794 5.
258 1760 296 1792 In
323 1758 455 1791 caelesti
480 1758 587 1797 patria

306 1806 419 1848 Nobis,
445 1806 530 1845 Iesu,
559 1805 642 1836 dona

257 1854 383 1887 Horum
409 1862 469 1892 pro
495 1852 632 1884 victoria

307 1902 451 1941 Regnum
477 1909 547 1931 cum
575 1907 701 1932 corona.

188 1980 228 2012 R.
261 1978 381 2018 Regem
407 1976 606 2017 Babyloniae

261 2025 370 2058 Sancti
393 2023 566 2056 idolatriae

308 2072 456 2105 Trahunt
478 2070 518 2103 ab
546 2078 656 2101 errore
888 2090 921 2123 3.
949 2089 1052 2129 Super
1076 2091 1195 2120 terram
1222 2090 1385 2129 principes

307 2120 436 2152 Salubri
461 2119 583 2158 labore,

261 2169 359 2208 Quem
385 2166 536 2207 baptismi
562 2165 666 2206 gratia

264 2215 440 2249 Confirmat
463 2216 498 2247 in
523 2213 621 2246 latria

307 2264 353 2296 Et
377 2263 440 2296 Dei
464 2270 589 2302 amore;

312 2312 392 2344 Diro
420 2320 489 2343 cum
513 2309 642 2342 fervore

264 2360 348 2399 Quos
375 2358 446 2391 fera
470 2367 547 2399 gens
573 2356 691 2397 obruit,

263 2408 388 2441 Horum
413 2416 472 2439 rex
496 2415 570 2438 mox
596 2403 754 2437 construit

314 2456 485 2495 Templum
508 2454 543 2486 in
569 2454 700 2485 honore.

996 2137 1061 2168 Eos
1087 2138 1237 2177 statuisti,

949 2184 1096 2225 Domine,
1121 2185 1297 2225 municipes

997 2232 1081 2271 Quos
1108 2233 1189 2264 caeli
1215 2232 1322 2265 fecisti

1086 2304 1295 2340 Responsoria.

892 2354 924 2386 1.
953 2353 1115 2393 Supernus
1142 2355 1292 2395 agricola,

952 2401 1074 2433 Terrae
1099 2400 1203 2434 factus
1229 2403 1345 2444 incola,

1001 2448 1134 2482 Vineam
1162 2451 1333 2496 plantavit,
