1651 2700
687 134 950 170 —249—

451 226 499 258 98.
541 226 678 265 Hymnus
702 227 738 259 de
761 227 938 268 cognitione
959 228 991 260 et
1011 228 1179 269 regimine.

163 315 194 348 1.
219 316 308 348 Ante
333 319 461 357 tempus
487 317 530 349 sit
552 320 688 357 paratus
860 320 892 352 4.
921 318 999 351 Cum
1026 318 1096 359 quis
1123 321 1290 359 exspectat
1316 317 1480 350 dominum

222 363 330 396 Homo
354 365 533 405 paenitens,
562 364 729 404 contritus,
839 369 858 381 ⁴·
919 367 980 398 Vel
1003 367 1141 399 amicum
1166 367 1218 399 vel
1245 367 1460 407 coniunctum,

224 411 275 444 Sit
300 412 476 445 virtutibus
499 415 631 445 ornatus
920 414 1078 446 Procuret
1102 414 1156 447 hic
1179 414 1354 454 hospitium

222 459 504 501 Sacramentisque
529 460 682 502 munitus,
919 462 965 493 Et
989 462 1128 494 retineat
1153 471 1208 494 cor
1232 462 1396 500 mundum,

220 509 269 542 Ut
294 517 366 540 cum
392 507 491 540 fuerit
515 511 658 550 vocatus,
923 509 1097 541 Provideat
1122 510 1300 552 consilium,

222 556 288 589 Hic
312 559 472 589 tractetur
496 559 532 588 ut
557 557 689 589 amicuS.
919 558 1018 590 Paret
1040 556 1086 599 id,
1114 557 1199 596 quod
1225 558 1267 588 sit
1291 556 1478 589 iucundum.

160 655 195 687 2.
220 654 291 686 Iam
317 662 381 685 non
407 653 556 693 proderit
582 653 732 693 clamare,
860 655 892 687 5.
919 653 1005 686 Satis
1030 653 1186 685 Dominus
1212 653 1361 685 turbatur

222 702 302 735 Cum
327 701 454 733 venerit
478 702 644 743 iudicium,
920 701 1042 734 Videns
1069 701 1197 733 domum
1223 701 1437 744 tenebrosam,

222 751 328 783 Homo
355 750 437 782 nolit
461 759 496 781 se
521 752 631 782 artare
920 750 1069 790 Namque
1092 749 1165 789 ipse
1192 749 1430 789 contemplatur

225 798 278 830 Ad
303 800 429 830 tantum
453 798 701 840 praeiudicium,
922 798 1043 830 Videns
1069 798 1198 830 domum
1220 798 1422 838 luminosam,

222 846 296 878 Non
322 846 445 878 valebit
468 855 656 887 procurare,
921 846 1006 878 Satis
1031 846 1104 886 ipse
1130 846 1311 878 delectatur

222 894 269 927 Ut
296 894 375 927 vitet
401 894 455 926 hic
479 894 685 935 supplicium.
920 894 1045 927 Videns
1070 894 1176 934 ipsam
1201 893 1386 934 gratiosam.

166 992 197 1025 3.
225 991 311 1023 Nam
338 1000 409 1023 cum
434 991 529 1023 homo
556 994 605 1022 est
629 990 760 1022 inermis
863 993 895 1024 6.
920 991 1019 1031 Piger
1043 999 1171 1030 semper
1193 989 1400 1031 mendicabit,

224 1039 271 1072 Et
295 1048 359 1071 non
386 1037 494 1071 defert
517 1047 624 1070 secum
651 1048 752 1080 arma,
921 1038 1120 1071 Gravabitur
1144 1038 1264 1079 inopia,

225 1087 305 1119 Ruit
329 1087 423 1127 quasi
446 1087 521 1118 vilis
546 1095 677 1127 vermls,
924 1086 1069 1118 Prudens
1094 1086 1189 1117 homo
1216 1084 1363 1126 vigilabit

224 1136 340 1167 Manet
364 1135 469 1167 victus
494 1135 564 1166 sine
587 1134 708 1175 palma,
921 1132 1098 1166 Perficiens
1122 1133 1187 1165 iam
1213 1142 1322 1174 opera,

223 1182 298 1214 Non
324 1182 448 1215 volabit
474 1183 544 1223 quis
571 1191 642 1213 cum
663 1182 788 1222 pennis,
923 1182 1010 1213 Deus
1036 1182 1128 1213 illum
1154 1181 1331 1221 coronabit,

224 1230 336 1262 Habet
357 1230 430 1270 ipse
455 1230 542 1262 mala
568 1230 695 1262 damna.
922 1230 1022 1269 Quem
1047 1229 1137 1261 videt
1161 1229 1195 1260 in
1221 1229 1341 1269 vigilia.

514 1328 546 1360 7.
573 1326 633 1368 Tu,
660 1326 760 1368 Deus,
786 1335 851 1358 non
879 1325 1034 1358 discutias

571 1376 660 1415 Quae
685 1373 747 1406 feci
771 1374 857 1406 mala
883 1383 993 1416 opera,

572 1423 637 1456 Sed
663 1422 743 1454 mihi
768 1425 803 1454 tu
828 1422 1009 1463 indulgeas,

571 1471 647 1503 Non
674 1471 806 1503 damnet
830 1479 882 1502 me
906 1470 1047 1511 miseria,

571 1518 627 1551 Me
651 1528 716 1551 non
742 1528 761 1550 a
786 1521 819 1550 te
844 1518 996 1558 proicias,

572 1567 637 1599 Sed
663 1575 715 1599 me
741 1576 860 1599 corona
885 1566 999 1607 gloria.

225 1653 253 1688 4,
276 1653 296 1681 4
316 1655 445 1682 retineat
464 1662 523 1690 quo
544 1653 696 1680 mundum.
717 1667 755 1671 —
775 1650 802 1687 6,
826 1650 841 1680 1
863 1652 1033 1680 medicabit.
1054 1667 1093 1672 —
1114 1650 1140 1687 5,
1162 1650 1180 1680 3
1201 1654 1407 1680 contemtatur.

524 1766 571 1797 99.
611 1765 750 1805 Hymnus
772 1765 855 1797 alius
877 1773 974 1807 super
996 1765 1113 1797 eodem.

162 1869 195 1904 1.
221 1868 307 1909 Quid
332 1868 462 1909 faciam,
491 1876 562 1899 cum
587 1867 709 1899 moriar
862 1868 896 1901 3.
924 1867 1067 1900 Ostende
1092 1868 1128 1898 tu
1152 1866 1341 1906 potentiam,

218 1917 264 1950 Et
289 1916 417 1950 venerit
441 1915 608 1959 discussio,
920 1915 966 1948 Et
989 1915 1053 1947 iam
1080 1915 1198 1946 erimus
1222 1924 1282 1947 nos
1308 1914 1401 1956 salvi,

219 1965 289 1998 Iam
314 1965 433 2008 nescio,
461 1964 490 1997 si
513 1964 632 2005 puniar
919 1964 1043 1997 Averte
1067 1967 1103 1995 tu
1128 1963 1329 2006 sententiam,

222 2014 283 2047 Vel
308 2014 477 2047 absolutus
502 2012 614 2053 fuer03
920 2012 970 2045 Tu
997 2021 1030 2044 es
1055 2021 1188 2053 magnus
1216 2015 1248 2044 et
1272 2020 1330 2044 nos
1356 2011 1460 2054 parvi,

221 2063 300 2104 Fac,
326 2062 475 2103 Domine,
502 2071 544 2094 ne
568 2060 708 2105 affligar,
923 2061 1074 2094 Concede
1099 2064 1134 2092 tu
1160 2060 1372 2104 clementiam,

222 2111 273 2144 Sis
297 2111 378 2143 mihi
402 2114 438 2143 tu
465 2109 622 2143 defensio.
921 2109 972 2142 Tu
997 2118 1031 2141 es
1056 2109 1224 2150 Dominus,
1251 2118 1309 2141 nos
1334 2108 1432 2141 servi.

160 2210 193 2243 2.
219 2209 271 2242 Ne
293 2209 411 2251 punias
435 2208 601 2241 miseriam
861 2209 893 2240 4.
922 2208 1061 2240 Peccata
1086 2206 1114 2238 si
1139 2206 1303 2247 respicitis

218 2258 373 2298 Malaque
397 2259 534 2298 peccata
556 2259 681 2298 nostra,
922 2255 1045 2287 Nostra
1068 2255 1218 2295 malaque
1244 2263 1407 2294 excessus,

219 2306 286 2340 Sed
314 2307 398 2339 dona
423 2305 517 2338 nobis
543 2305 671 2338 veniam
920 2303 988 2336 Nos
1015 2305 1147 2336 cunctos
1174 2302 1284 2335 forsan
1309 2302 1459 2346 perditis,

217 2355 263 2388 Et
288 2354 522 2395 benignitatem
547 2357 704 2394 monstra,
919 2352 1025 2385 Durat
1049 2354 1223 2393 nosterque
1246 2360 1430 2393 processus,

217 2404 385 2437 Perducas
409 2412 469 2436 nos
496 2403 539 2436 ad
564 2402 711 2443 gloriam,
921 2401 987 2434 Sed
1010 2401 1038 2433 si
1065 2401 1240 2433 clementer
1265 2400 1388 2443 geritis,

218 2452 364 2486 Inimicis
390 2451 511 2484 nostris
537 2450 640 2485 obsta.
920 2449 1035 2484 Salvus
1062 2449 1124 2482 erit
1151 2449 1222 2491 quis
1251 2448 1417 2482 confessus
