1651 2700
706 168 748 173 —
802 147 869 182 130·
919 167 966 171 -

547 240 588 272 51.
628 240 673 271 De
694 248 718 271 s.
741 240 880 272 Iohanne
899 240 1118 280 Evangelista.

189 312 219 345 1.
247 313 328 352 Ave,
355 312 445 345 sidus
471 312 633 352 (melicum,
879 314 911 345 3.
937 314 1017 351 Ave,
1045 312 1100 352 qui
1124 311 1267 344 restituis

294 360 453 392 Iohannes
478 362 614 397 sacrate,
985 360 1090 392 Vitam
1118 360 1300 392 Drusianae

246 407 368 439 Lumen
395 407 611 448 evangelicum
936 408 1149 448 Iuvenemque
1173 407 1301 446 imbuis,

295 455 421 487 Morum
447 455 616 496 gravitate,
981 455 1101 487 Mentis
1126 458 1162 486 ut
1186 455 1230 486 sit
1254 462 1364 495 sanae,

249 503 312 536 Cor
337 503 422 543 geris
447 503 624 543 angelicum
933 501 1043 535 Factis
1069 502 1134 534 frui
1159 503 1298 534 strenuis

292 552 331 583 In
356 551 549 591 virginitate,
980 550 1031 582 Da
1055 559 1115 582 nec
1139 551 1245 583 vivam
1270 558 1361 590 vane,

248 598 402 638 Spiritum
428 597 619 638 paraclitum
932 598 982 630 Ne
1008 598 1140 630 damner
1167 607 1238 629 cum
1263 597 1373 629 nocuis

292 645 353 684 Da,
379 654 420 677 ne
444 655 580 685 spernar
604 655 620 678 a
647 648 689 677 te.
978 646 1096 678 Poenis
1120 646 1305 677 inhumane.

186 724 217 755 2.
245 724 326 763 Ave,
351 722 513 762 generatio
874 723 906 754 4.
932 723 1013 761 Ave,
1039 723 1080 754 ad
1107 722 1286 753 convivium

290 769 418 801 Laudat
442 769 656 808 redemptoris
984 770 1042 809 Qui
1068 770 1194 801 vocaris
1221 769 1311 809 caeli,

242 817 299 855 Te,
326 817 403 848 mihi
429 817 586 856 protectio
933 817 1041 849 Meum
1066 826 1163 856 prece
1191 817 1300 848 vitium

294 864 446 896 Omnibus
470 864 504 895 in
528 864 616 896 horis
981 865 1123 904 Deterge
1148 863 1247 906 fideli,

245 912 298 944 bis
325 915 357 942 et
381 911 535 944 relevatio
936 912 1069 951 Largire
1088 912 1214 943 initium

291 959 323 991 A
347 959 473 999 peccati
498 959 586 1001 loris,
980 959 1061 991 Boni
1086 959 1166 991 mihi
1191 960 1262 1001 zeli,

243 1006 326 1038 Mihi
354 1007 529 1038 consolatio
933 1006 984 1038 Ne
1008 1007 1068 1038 sim
1092 1015 1152 1046 per
1176 1005 1332 1047 flagitium

294 1053 344 1085 Sis
371 1054 459 1085 intus
487 1056 518 1085 et
543 1053 632 1086 foris.
984 1054 1081 1086 Peior
1105 1053 1241 1087 infideli.

577 1131 608 1163 5.
636 1131 717 1168 Ave,
745 1130 922 1170 pudicitiae

683 1176 816 1209 Gemma
841 1177 1021 1220 singularis,

634 1225 694 1263 Qui
720 1234 739 1256 a
766 1225 849 1256 dono
872 1225 995 1264 gratiae

684 1271 799 1304 Gratia
823 1272 957 1315 vocaris,

635 1320 697 1351 Pro
723 1327 775 1350 me
801 1319 869 1360 regi
894 1320 1024 1359 gloriae,

683 1367 812 1410 Precor,
839 1369 876 1398 ut
899 1367 1052 1407 loquaris,

635 1414 680 1447 Ut
707 1414 856 1446 caelestis
887 1415 991 1446 curiae

687 1462 836 1495 Collocer
859 1462 893 1493 in
919 1463 994 1494 aris.

255 1527 281 1554 A
302 1527 351 1554 fol.
372 1525 410 1554 78
422 1528 449 1555 b.
472 1543 508 1547 —
530 1527 587 1554 cfr.
610 1528 698 1555 Anal.
719 1528 774 1562 ΠΙ,
798 1525 861 1555 182.

600 1620 648 1651 52.
691 1620 732 1651 De
754 1622 864 1651 sancta
885 1620 1075 1652 Katharina.

187 1691 217 1723 1.
244 1692 324 1732 Axe,
351 1700 368 1723 o
395 1691 510 1723 eximia
879 1693 907 1724 3.
935 1694 1014 1734 Ave,
1042 1701 1124 1732 quae
1147 1692 1182 1723 in
1206 1692 1311 1732 gloria

297 1739 395 1779 Virgo
423 1739 611 1780 Katherina‚
983 1740 1105 1771 Locum
1129 1742 1218 1772 tenes
1242 1742 1378 1783 gratum,

247 1786 370 1818 Exorta
397 1786 438 1818 de
462 1786 598 1819 Graecia
744 1788 750 1794 ‘
936 1787 1020 1820 Vide
1040 1788 1074 1819 in
1098 1788 1229 1820 miseria

294 1833 422 1873 Martyr
448 1837 478 1865 et
504 1834 625 1875 regina,
984 1835 1040 1867 Me
1063 1835 1098 1867 in
1125 1836 1221 1876 eulpa
1246 1837 1363 1867 natum.

249 1880 299 1913 De
323 1884 378 1912 tua
403 1882 587 1920 praesentia
938 1883 1130 1916 Currentem
1154 1892 1214 1923 per
1241 1884 1337 1916 devia

292 1928 386 1960 Mons
413 1929 552 1961 exsultat
576 1928 663 1965 Sina,
983 1931 1102 1962 Adhuc
1124 1940 1183 1970 per
1211 1934 1392 1974 peccatum,

246 1976 284 2008 In
307 1976 392 2007 omni
418 1976 564 2016 angustia
938 1978 1021 2010 Nam
1046 1987 1163 2019 sperno
1190 1977 1301 2010 felicia

301 2023 383 2055 Mihi
407 2023 450 2054 sis
476 2024 592 2057 vicina.
985 2025 1030 2057 Et
1053 2025 1150 2057 finem
1176 2026 1316 2059 beatum.

183 2101 218 2132 2.
247 2101 327 2142 Ave,
355 2108 436 2140 quae
461 2100 661 2132 Maxentium
878 2104 910 2134 4.
938 2103 1018 2144 Ave,
1045 2102 1147 2144 virgo,
1173 2112 1315 2143 propera

294 2148 465 2181 Caesarem
490 2148 645 2187 sprevisti
986 2149 1069 2181 Mihi
1093 2150 1127 2182 in
1154 2151 1309 2191 solamen,

244 2196 290 2228 Et
314 2195 356 2227 ad
383 2195 546 2227 Christum
572 2195 712 2236 gentium
938 2197 1119 2238 Exsurgam
1146 2199 1189 2230 ad
1213 2208 1378 2239 prospera

294 2243 453 2275 Rhetores
481 2243 611 2285 duxisti,
987 2245 1051 2277 Per
1074 2248 1164 2277 tuum
1187 2247 1337 2280 levamen

245 2291 402 2323 Rotarum
427 2292 622 2331 supplicium
938 2292 999 2333 Da,
1026 2296 1062 2324 ut
1085 2303 1237 2333 spernam
1262 2295 1398 2338 scelera,

294 2339 397 2371 Prece
423 2338 620 2380 confregisti,
992 2341 1076 2373 Mihi
1101 2343 1314 2382 respiramen,

251 2387 397 2419 Iucunda
421 2396 480 2427 per
505 2387 646 2428 gladium
944 2388 1102 2421 Scandam
1127 2399 1225 2430 super
1246 2391 1356 2424 sidera

292 2434 413 2467 Caelos
438 2435 590 2468 introisti.
990 2436 1094 2469 Tuum
1119 2447 1179 2479 per
1206 2439 1372 2473 duc-amen.
