1651 2700
701 130 935 165 -38-

375 224 583 260 Responsoria.

188 281 219 315 1.
245 281 333 314 Deus
356 282 527 315 invisibilis

240 329 360 361 Factus
386 333 434 362 est
459 331 594 363 visibilis

286 377 389 409 Carne
414 380 447 409 et
466 379 588 419 localis,

236 424 386 457 Mortalis
412 425 565 458 evaderet

238 472 286 504 Ut
310 475 444 504 mortem
470 476 501 504 et
527 473 651 506 viveret

283 520 352 552 Deo
375 520 587 560 immortalis;

167 566 206 599 V.
241 567 337 599 Parat
361 568 394 599 in
422 568 590 600 dulcedine

282 614 369 647 Deus
394 618 515 647 maesto
540 624 682 647 mensam

234 662 424 702 Perplenam
449 663 616 703 solamine,

281 708 423 741 Gratiam
449 709 644 742 immensam.

180 788 212 820 2.
238 788 263 820 O
289 788 416 820 beatum
440 789 633 831 incendium,

235 836 301 875 Quo
326 835 414 867 Deus
439 839 532 875 pater
556 835 656 868 filium

231 882 332 914 Nobis
359 883 415 915 dat
438 884 471 915 in
497 884 637 916 edulium

234 929 355 962 Contra
379 931 490 963 mortis
515 931 703 971 imperium!

162 972 205 1009 V.
237 977 406 1010 Faciamus
432 978 571 1011 candida

279 1025 399 1058 Nostra
423 1026 612 1058 vestimenta

234 1073 434 1105 Accedentes
458 1074 567 1106 vivida

280 1120 398 1152 Christi
424 1124 631 1154 sacramenta.

171 1201 202 1234 3.
228 1200 339 1233 Dulcis
364 1201 452 1233 Deus
477 1201 605 1245 artifex,

281 1248 422 1280 Verbum
448 1258 575 1281 carnem
601 1249 702 1283 efficis

325 1296 437 1328 Artem
464 1305 523 1337 per
549 1297 701 1338 divinam,

227 1342 363 1375 Dulcem
387 1344 460 1383 pius
485 1344 594 1384 opifex

273 1390 377 1422 Menti
400 1394 529 1423 nostrae
555 1392 683 1425 conficis

322 1438 394 1470 Hoc
417 1439 459 1471 ad
482 1440 687 1482 medicinam3

158 1484 197 1516 V.
234 1484 272 1516 In
299 1494 394 1517 carne
419 1495 457 1517 ac
482 1488 635 1527 sanguine

234 1531 280 1563 Te
305 1533 373 1574 das,
401 1535 485 1573 quod
512 1543 554 1578 es,
582 1536 729 1570 Domine.

169 1613 201 1645 4.
226 1612 464 1646 Melchisedech
491 1616 603 1647 ordine

228 1660 396 1704 Sacerdos,
422 1671 440 1694 o
466 1662 611 1705 Domine,

275 1708 425 1741 Nostram
451 1710 493 1741 ad
519 1711 653 1744 salutem

230 1755 301 1788 Cibi
326 1757 384 1788 sub
410 1758 566 1790 velamine

227 1802 326 1834 Tuam
352 1805 480 1843 plenam
503 1807 633 1838 numine

275 1850 455 1883 Obumbras
480 1854 649 1896 virtutem3

155 1896 195 1930 V.
231 1896 352 1930 Manna
376 1899 460 1939 pluis
486 1900 650 1943 ecclesiae,

275 1945 365 1977 Pluis
390 1948 578 1989 coturnices,

222 1991 383 2032 Splendor
406 1997 562 2034 paternae
587 1995 709 2036 gloriae

276 2040 446 2073 Gaudeant
472 2041 592 2075 felices.

283 2147 328 2179 In
354 2148 386 2182 2.
412 2147 644 2183 Nocturno.

366 2218 563 2254 Antiphonae.

167 2271 199 2304 1.
225 2271 349 2304 Altaris
376 2273 551 2305 communio

268 2319 354 2352 Data
376 2321 418 2353 ad
443 2321 577 2353 salutem

220 2367 367 2401 Renovat
390 2369 424 2400 in
449 2369 565 2409 gaudio

269 2415 422 2448 Nostram
467 2417 675 2451 iuventutem.

711 2022 719 2039 2

865 229 897 261 2.
923 227 991 260 Nos
1016 228 1129 267 altare,
1155 227 1301 269 Domine,

971 275 1073 308 Tuum
1100 275 1239 312 satiavit,

924 323 992 355 Tuo
1018 332 1073 355 cor
1095 322 1128 354 in
1155 322 1309 362 sanguine

971 370 1124 402 Nostrum
1149 369 1332 403 exsultavit.

865 432 895 464 3.
923 430 1072 464 Glon'osa
1097 431 1209 464 civitas

970 479 1046 512 Sion
1070 479 1288 520 praedicatur,

920 527 959 559 In
984 536 1047 567 qua
1071 535 1148 558 vera
1174 526 1292 558 caritas

968 573 1055 606 Deus
1077 574 1280 607 humanatur.

886 659 894 668 .
922 634 1067 667 Christus
1092 644 1222 677 parvus,
1248 635 1379 667 humilis

966 683 1007 715 In
1031 683 1240 724 humanitate,

919 729 1056 770 Magnus
1082 734 1115 762 et
1138 730 1312 763 laudabilis

968 778 1007 809 In
1034 777 1213 811 divinitate.

886 864 892 870 .
919 837 1038 869 Notum
1063 837 1154 881 facis,
1182 839 1330 881 Domine,

965 885 1069 917 Tuum
1093 887 1234 919 salutare

917 932 1037 965 Volens
1061 934 1215 965 mundum
1238 935 1394 975 sanguine

967 980 1072 1020 Ipsius
1098 981 1235 1014 salvare.

1055 1086 1264 1122 Responsoria.

880 1178 887 1186 .
915 1153 972 1192 Qui
999 1162 1089 1186 meae
1117 1155 1222 1186 carnis
1249 1156 1376 1196 epulum

961 1201 1084 1244 Edunt,
1110 1202 1215 1235 adhuc
1241 1204 1392 1247 esurient,

916 1249 1086 1290 Sanguinis
1110 1250 1174 1281 mei
1198 1252 1348 1290 poculum

962 1296 1022 1335 Qui
1047 1296 1169 1341 bibunt,
1197 1299 1304 1330 adhuc
1328 1300 1439 1332 sitient

916 1343 1029 1376 Cordis
1055 1345 1164 1385 vigent
1187 1346 1304 1379 robore

914 1391 1055 1432 Mystico
1080 1393 1113 1424 in
1141 1402 1275 1433 corpore

962 1438 1031 1471 Nec
1055 1449 1194 1480 unquam
1221 1441 1381 1477 deficient.

1440 1327 1449 1344 7

875 1511 881 1518 .
915 1485 1021 1526 Digne
1047 1487 1159 1528 dignos
1185 1490 1284 1522 satiat

962 1533 1074 1567 Gratia
1102 1536 1220 1577 divina,

914 1580 990 1614 Cum
1018 1582 1163 1615 Christus
1189 1594 1223 1616 se
1247 1585 1363 1624 palliat

959 1629 1055 1661 Veste
1080 1630 1286 1667 frumentina.

877 1715 884 1723 .
912 1690 1024 1723 Carnis
1050 1701 1140 1725 meae
1163 1694 1360 1734 pinguedine

907 1738 953 1771 Et
977 1740 1139 1781 sanguinis
1166 1742 1338 1775 dulcedine

957 1786 1089 1820 Fideles
1115 1789 1289 1833 salvantur,

909 1835 1058 1867 Indurati
1082 1837 1205 1869 malitia

909 1881 1071 1915 Credendi
1095 1885 1276 1923 pertinacia

957 1928 1109 1961 Perversi
1137 1932 1340 1967 damnantur.

870 1999 877 2008 .
913 1976 973 2014 Qui
998 1977 1041 2008 ad
1068 1986 1183 2017 corpus
1208 1979 1339 2012 Domini

957 2025 1093 2065 Indigne
1119 2027 1256 2068 accedit,

911 2069 989 2102 Cani
1013 2080 1074 2111 par
1099 2082 1162 2104 non
1187 2074 1308 2107 homini

955 2118 1133 2152 Damnatus
1158 2121 1306 2156 discedit.

876 2207 883 2215 .
910 2181 1005 2213 Meae
1031 2182 1136 2213 carnis
1162 2181 1285 2216 ferculo

912 2228 1144 2269 Sanguinisque
1169 2232 1285 2270 poculo

959 2276 1019 2315 Qui
1043 2286 1078 2308 se
1103 2278 1198 2318 digne
1223 2279 1320 2321 cibat,

910 2324 990 2356 Eius
1016 2334 1086 2356 sum
1111 2325 1256 2370 refectio,

910 2372 987 2412 Ipse
1011 2381 1082 2405 mea
1106 2375 1239 2419 mansio,

958 2420 1041 2453 Nam
1066 2430 1117 2453 me
1142 2422 1224 2455 bene
1248 2424 1340 2457 libat.
