1651 2700
680 130 942 166 -233—

471 239 517 271 75.
558 240 695 280 Hymnus
718 242 755 274 dc
775 251 853 284 pace
875 248 907 276 et
929 244 996 277 eius
1017 245 1148 278 virtute.

159 327 192 365 1,.
220 326 336 360 Cuncti
360 338 472 370 pacem
498 330 707 373 inquiramus,

217 375 301 408 Eam
327 377 426 410 simus
451 384 510 414 nos
535 381 703 419 sequentes

217 426 269 456 Ac
292 425 326 456 in
352 426 425 467 ipsa
450 426 662 470 quiescamus,

217 471 324 506 Simus
349 473 456 505 Deum¹
478 474 652 516 imitantes,

216 519 338 553 Nostro
364 520 460 554 fratri
486 523 685 555 dimittamus

215 568 326 608 Ipsum
355 570 451 601 corde
479 570 659 612 diligentes.

156 666 188 698 2.
215 664 252 696 111
279 674 360 705 pace
385 666 473 707 viget
497 668 616 700 caritas

216 712 454 755 Discordiaque
478 716 622 758 pellitur,

216 761 256 794 In
283 769 322 794 ea
347 769 471 795 summa
497 764 625 808 caritas,

211 808 256 842 Et
282 809 391 842 odjum
416 810 636 852 confunditur,

216 857 256 889 In
280 857 417 899 ipsaque
441 861 672 902 tranquillitas,

217 905 377 946 Quiesque
402 906 526 940 fructus
553 910 729 949 quaeritur.

154 1003 186 1036 3.
214 1003 266 1035 Ex
293 1012 373 1043 pace
400 1007 450 1035 est
475 1005 622 1037 hilaritas

214 1051 260 1083 Et
285 1051 448 1094 gaudium,
476 1052 612 1093 laetitia,

212 1099 265 1131 Ex
291 1108 435 1139 paceque
459 1101 615 1132 securitas

211 1146 257 1179 Et
281 1155 388 1178 rerum
414 1146 613 1179 abundantia

211 1194 264 1226 Ex
286 1194 423 1234 ipsaque
447 1192 601 1226 fertilitas

212 1242 257 1274 Et
280 1242 443 1274 hominurn
469 1243 653 1282 prudentia.

854 336 887 367 4.
915 335 1013 378 Deus,
1040 336 1182 377 gentium
1208 337 1361 378 salvator,

910 382 1007 415 Suam
1031 393 1144 425 pacem
1171 385 1263 417 nobis
1290 385 1399 426 donat,

912 430 999 463 Deus
1024 433 1115 472 pacis
1143 436 1192 465 est
1216 436 1349 474 amator,

912 478 1048 519 Semper
1072 489 1183 520 pacem
1209 481 1281 520 ipse
1303 484 1406 524 sonat,

911 526 999 558 Deus
1024 531 1134 559 noster
1161 532 1209 560 est
1236 531 1375 569 curator,

912 573 984 606 Nos
1006 574 1158 615 pacificos
1184 579 1327 609 coronati

853 671 885 705 5.
914 670 996 703 Sunt
1021 670 1148 711 pacifici
1173 671 1270 713 beati,

912 718 974 751 Dei
1000 717 1060 751 filii
1084 722 1252 760 vocantur,

914 766 995 799 Sunt
1020 767 1054 799 in
1081 768 1197 808 gaudio
1222 767 1321 799 locati

911 817 961 847 Ac
985 815 1017 847 in
1045 815 1134 847 caelo
1161 820 1365 856 coronantur,

912 863 994 896 Sunt
1015 863 1057 895 ad
1082 864 1255 903 prandium
1281 864 1386 896 vocati

911 911 961 943 Ac
985 911 1019 943 in
1044 911 1154 951 requie
1178 912 1350 944 laetantur.

853 1008 885 1040 6.
913 1006 989 1039 Sine
1014 1016 1095 1047 pace
1119 1016 1183 1039 non
1209 1008 1354 1039 salvatur

910 1054 980 1086 Nec
1006 1055 1100 1086 homo
1125 1055 1195 1087 Deo
1222 1054 1411 1095 complacet,

910 1101 981 1138 Nec
1005 1102 1039 1133 in
1064 1102 1135 1134 Deo
1159 1102 1326 1142 gloriatur,

910 1149 970 1188 Qui
994 1158 1058 1180 non
1082 1150 1117 1181 in
1142 1158 1223 1189 pace
1247 1151 1426 1190 permanet,

910 1195 975 1228 Sed
1000 1197 1055 1236 qui
1082 1197 1160 1239 vult,
1187 1199 1223 1228 ut
1249 1196 1413 1238 diligatur,

908 1244 940 1276 A
966 1252 1047 1284 pace
1071 1244 1135 1277 iam
1161 1253 1224 1277 non
1252 1244 1369 1279 deviet.

500 1340 531 1372 7.
560 1338 622 1371 Dei
646 1339 749 1371 nostri
774 1338 908 1372 verbum
938 1342 1084 1371 sanctum

560 1387 665 1427 Super
689 1396 770 1427 pace
795 1396 924 1428 semper
949 1386 1077 1427 fundat,

559 1436 653 1468 Pacis
680 1438 773 1468 sonat
797 1444 891 1468 suum
917 1438 1057 1475 cantum,

561 1484 608 1517 Ut
632 1486 822 1524 guerrantes
844 1484 899 1516 hic
924 1483 1112 1526 confundat,

558 1532 628 1564 Pax
652 1532 784 1572 repellit
801 1541 926 1564 omnem
944 1533 1122 1575 planctum,

559 1580 692 1621 Quaerit
705 1589 828 1621 pacem,
844 1581 977 1621 quinon
991 1584 1123 1622 pugnat.

216 1663 243 1699 7,
265 1663 282 1693 6
304 1666 460 1700 Quaeretit
479 1674 591 1702 pacem.

556 1770 602 1801 76.
642 1769 780 1810 Hymnus
802 1770 887 1802 alius
909 1770 947 1802 de
967 1779 1055 1812 pace.

152 1860 182 1894 1.
210 1859 246 1893 Si
273 1869 337 1892 non
364 1870 506 1893 amamus
532 1860 702 1893 Dominum

210 1909 255 1941 Et
278 1917 338 1941 nos
363 1908 434 1942 Deo
458 1918 523 1942 non
544 1918 705 1954 paremus,

212 1957 247 1991 Si
273 1966 338 1989 non
363 1967 508 1990 amamus
534 1958 714 1999 proximum

211 2006 256 2039 Et
281 2015 422 2039 amorem
447 2016 512 2039 non
537 2007 703 2050 habemus,

208 2055 408 2088 Incurrimus
433 2055 467 2088 in
493 2055 604 2088 odium

208 2103 254 2136 Et
278 2103 312 2136 in
340 2104 494 2136 scandalo
520 2113 695 2137 manemus,

149 2203 184 2235 2.
211 2200 246 2234 Si
270 2201 444 2234 Dominum
473 2201 636 2243 diligimus

210 2250 257 2283 Et
279 2259 338 2282 nos
364 2250 547 2291 proximum
573 2259 728 2293 amamus,

209 2299 247 2331 In
273 2307 355 2339 pace
379 2298 442 2331 Dei
468 2299 606 2339 erimus3

211 2346 301 2387 Opus
328 2350 387 2389 est,
413 2350 450 2379 ut
475 2347 695 2388 quiescamus3

210 2394 278 2427 Dat
302 2395 390 2427 Deus
415 2395 461 2436 id,
489 2396 573 2436 quod
601 2396 752 2438 petimus,

212 2443 338 2476 Iustum
364 2446 425 2485 est,
450 2447 486 2476 ut
510 2445 727 2479 attendamus,

850 1863 881 1895 3.
909 1862 960 1895 Da
985 1862 1078 1895 nobis
1104 1871 1227 1904 pacem,
1255 1862 1404 1906 Domine,

907 1911 1125 1952 Amoremque
1151 1911 1369 1953 concordiam,

909 1960 959 1992 Tu
982 1968 1041 1992 nos
1067 1960 1099 1993 in
1125 1968 1207 2002 pace
1231 1963 1366 2001 protege

910 2008 954 2041 Et
979 2007 1110 2041 auferas
1137 2009 1346 2052 discordiam,

910 2058 1106 2091 Cunctorum
1131 2066 1246 2098 pacem
1272 2056 1394 2097 perfice

904 2105 958 2138 Da
980 2105 1137 2146 nobisque
1164 2106 1343 2138 victoriam.

849 2202 882 2237 4.
909 2203 980 2235 Pax
1006 2202 1105 2234 animi
1131 2202 1352 2243 tranquillitas

909 2249 956 2283 Et
981 2250 1126 2282 caritatis
1151 2250 1326 2292 vinculum,

910 2299 981 2331 Pax
1006 2298 1123 2330 mentis
1145 2300 1195 2330 est
1219 2300 1376 2331 serenitas

910 2346 1105 2387 Amorisque
1130 2346 1338 2389 consortium,

911 2395 981 2428 Pax
1007 2395 1115 2427 cordis
1142 2397 1192 2427 est
1216 2395 1409 2436 simplicitas

910 2443 955 2476 Et
979 2452 1058 2476 vera
1082 2443 1169 2475 salus
1195 2443 1370 2478 hominum.
