1651 2700
686 141 947 177 —149—

618 232 665 262 72.
709 233 752 264 De
773 236 882 267 sancto
904 235 1011 268 Paulo.

163 296 193 331 1.
220 297 303 339 Ave,
329 307 385 331 vas
412 300 589 344 electionis,
857 307 889 340 3.
915 307 995 349 Ave,
1024 308 1078 348 qui
1103 309 1183 341 mori
1211 310 1339 353 cupisti,

269 346 381 390 Paule,
411 348 523 381 doctor
548 350 702 391 gentium,
965 355 1009 388 Ut
1034 360 1125 389 vivas
1152 355 1301 398 feliciter,

222 394 373 435 Propelle
397 395 562 429 abusionis
916 402 1055 435 Mortem
1081 413 1140 445 pro
1167 405 1232 437 vita
1260 406 1389 447 dedisti,

269 442 380 476 Omnis
406 453 425 476 a
448 453 499 476 me
524 445 648 489 vitium,
965 450 1048 483 Nam
1074 452 1156 484 vivis
1182 454 1378 494 perenniter,

219 489 350 523 Nullius
378 491 573 525 confusionis
915 497 1040 530 Moriar
1065 502 1100 530 ut
1126 501 1244 533 mundo
1270 502 1334 540 isti,

268 538 393 571 Turbet
418 549 468 572 me
493 539 661 582 flagitium,
964 545 1100 587 Largire
1124 548 1286 588 velociter,

219 585 284 618 Sed
309 587 343 619 in
370 596 420 619 me
448 589 627 621 devotionis
917 593 988 625 Non
1014 594 1101 626 ultra
1126 600 1259 635 peccato
1283 597 1370 629 tristi

268 634 366 667 Vivat
394 636 601 672 desiderium.
962 642 1077 674 Vivam
1104 643 1300 683 ignobiliter.

159 712 191 744 2.
218 712 299 750 Ave,
328 713 382 753 qui
407 721 466 753 pro
494 713 623 747 Christo
650 715 744 755 plura
855 720 888 751 4.
915 719 996 759 Ave,
1023 728 1113 752 meae
1138 721 1237 753 robur
1263 731 1343 762 spei,

266 760 386 792 Tulisti
410 763 576 804 martyria,
964 767 989 800 Ο
1014 770 1117 799 tutum
1144 768 1313 810 refugium,

218 806 352 840 Auferri
378 819 397 841 a
421 818 472 841 me
495 819 637 850 procura
910 814 997 847 Ecce
1023 815 1081 856 sic,
1108 821 1145 848 ut
1169 817 1282 850 timent
1308 822 1367 859 rei,

267 855 407 889 Satanae
431 858 582 891 incendia
961 863 1071 896 Timeo
1098 865 1297 906 supplicium,

219 902 436 945 Nefandaque
464 907 570 938 carnis
595 907 667 939 iura
910 910 1023 943 Hostis
1050 920 1126 953 ergo
1153 922 1212 952 per
1236 917 1269 946 te
1295 918 1357 946 mei

265 952 374 992 Atque
401 954 573 996 desideria,
959 959 1107 991 Evadam
1132 961 1350 1004 opprobrium,

218 1000 257 1032 In
282 1000 350 1033 vita
375 1010 434 1041 per
460 1005 493 1034 te
518 1001 626 1034 futura
910 1006 994 1038 Mihi
1016 1010 1083 1050 tuo,
1111 1017 1204 1040 serve
1229 1009 1301 1049 Dei,

266 1047 333 1080 Sim
359 1050 428 1081 sine
453 1051 592 1082 miseria.
958 1053 1062 1086 Dulce
1087 1056 1131 1087 sis
1157 1057 1369 1096 praesidium.

509 1129 540 1159 5.
569 1129 649 1166 Ave,
677 1127 853 1167 possedisti
878 1129 1028 1161 thronum

615 1174 675 1212 Qui
699 1174 764 1206 iam
791 1175 1025 1218 duodecimum,

568 1222 619 1254 Ad
647 1230 756 1254 verum
781 1232 833 1255 me
860 1224 965 1257 deduc
988 1225 1115 1269 bonum,

612 1269 735 1302 Bonum
762 1269 993 1316 felicissimum,

563 1317 613 1349 Da
641 1319 779 1350 caeleste
804 1320 883 1352 mihi
911 1321 1039 1359 donum,

611 1365 731 1398 Datum
759 1367 835 1399 doni
861 1369 1028 1410 optimum,

565 1413 609 1446 Ut
633 1415 666 1445 in
694 1415 791 1446 caelis
817 1417 952 1456 psallam
980 1421 1089 1449 tonum

612 1462 689 1495 Cum
717 1464 837 1496 sanctis
865 1464 1098 1499 dulcissimum.

216 1528 242 1555 A
261 1528 312 1555 fol.
334 1527 407 1556 781).
429 1543 468 1548 —-
489 1527 546 1556 cfr.
567 1529 654 1556 Anal.
675 1530 731 1565 ΙΙΙ,
754 1527 817 1558 180.

614 1622 660 1653 73.
701 1623 745 1654 De
766 1624 874 1655 sancto
895 1624 1000 1656 Petro.

154 1691 186 1725 1.
213 1692 296 1732 Ave,
322 1693 421 1725 Petre
446 1701 463 1724 o
490 1692 594 1736 beate,
849 1697 881 1729 3.
907 1697 989 1736 Ave,
1017 1696 1071 1736 qui
1098 1700 1246 1737 aegrotos
1272 1707 1366 1730 sanas

264 1740 421 1781 Princeps
446 1742 633 1781 apostolice,
953 1744 1078 1777 Umbra
1101 1745 1148 1776 tui
1175 1747 1330 1788 corporis,

214 1789 370 1822 Columna
394 1789 570 1821 inviolatae
909 1792 1126 1833 Cogitationes
1151 1801 1250 1826 vanas

260 1836 356 1869 Fidei
383 1837 571 1878 catholicae,
954 1841 1023 1873 Mei
1048 1839 1124 1882 fuga
1149 1844 1288 1882 pectoris

211 1885 325 1917 Dulcis
351 1886 560 1926 praedicator
587 1886 681 1919 datae
906 1889 1125 1930 Actionesque
1150 1890 1278 1922 insanas

258 1934 356 1975 Legis
383 1935 596 1979 evangelicae,
956 1938 1062 1970 Virosi
1089 1936 1252 1982 facinoriS‚

210 1983 280 2015 Fac
305 1983 500 2023 participem
525 1992 576 2015 me
602 1988 715 2024 gratae
908 1985 1052 2019 Virtutes
1078 1987 1157 2019 mihi
1184 1988 1225 2020 da
1251 1996 1346 2020 sanas

256 2030 391 2064 Gratiae
421 2031 611 2066 dominicae.
954 2034 1048 2067 Dono
1074 2035 1121 2067 tui
1147 2035 1284 2069 roboris.

151 2111 183 2143 2.
211 2110 292 2152 Ave,
320 2109 374 2149 qui
401 2110 621 2142 centurionem
846 2116 877 2146 4.
903 2113 984 2151 Ave,
1014 2113 1068 2153 qui
1094 2113 1267 2146 Thabitam
1293 2115 1405 2146 mortis

258 2158 428 2191 Convertis
456 2158 651 2195 Cornelium,
954 2161 1098 2193 Suscitas
1124 2162 1164 2193 de
1191 2170 1331 2204 carcere,

208 2206 346 2239 Stultam
373 2215 392 2238 a
418 2215 469 2238 me
495 2207 679 2247 passionem
905 2209 1026 2242 Contra.
1050 2207 1142 2241 nefas
1168 2213 1205 2241 ut
1229 2210 1290 2241 sim
1316 2209 1421 2252 fortis,

259 2255 361 2296 Pelle,
389 2253 440 2287 fer
466 2255 620 2288 auxilium
955 2257 1012 2290 Pio
1040 2256 1152 2289 confer
1176 2267 1319 2299 munere,

208 2303 294 2336 Mihi
318 2312 379 2344 per
405 2304 584 2336 orationem
905 2305 1024 2338 Mortis
1050 2304 1169 2338 festina
1196 2306 1236 2339 de
1261 2307 1365 2347 portis

251 2352 364 2395 Tuam,
392 2352 456 2384 Dei
480 2351 581 2385 filium
954 2354 1010 2386 Me
1037 2354 1099 2386 cito
1127 2355 1263 2396 eripere,

207 2400 346 2433 Placans
373 2401 454 2433 caeli
479 2402 678 2434 mansionem
905 2402 958 2435 Da
981 2402 1015 2435 in
1041 2403 1187 2443 paradisi
1212 2404 1315 2436 hortis

256 2448 309 2481 Da
331 2451 405 2489 post
428 2449 490 2482 hoc
515 2450 673 2483 exsilium.
953 2450 1024 2484 Deo
1050 2452 1163 2485 laudes
1186 2461 1346 2493 promere.
