1651 2700
708 132 968 167 —125—

182 216 215 249 3.
243 217 324 258 Ave,
353 219 440 251 cruci
467 221 672 255 conclavatus

286 265 318 297 A
343 266 423 299 viris
449 269 602 310 malitiae,

241 312 308 345 Tua
336 323 435 354 prece
460 316 616 350 liberatus

287 361 318 394 A
346 363 449 404 culpis
474 365 647 406 nequitiae,

240 408 373 442 Christo
399 412 514 453 iungar
541 413 740 447 connodatus

289 457 389 491 Clavo
415 461 644 504 paenitentiae,

241 505 309 537 Iam
335 515 398 538 non
424 508 536 540 laedat
557 509 717 542 incolatus

285 552 341 585 Me
367 556 478 587 mundi
504 557 664 590 miseriae.

879 230 912 262 4.
939 231 1019 270 Ave,
1052 240 1123 263 cum
1147 233 1281 265 nudaris
1306 235 1401 275 pelle,

986 278 1104 320 Fulges
1129 280 1296 321 patientia,

936 326 967 357 A
992 335 1043 358 me
1070 330 1180 360 vetera
1203 329 1351 368 propelle

985 373 1125 415 Longius
1150 374 1272 417 flagitia

933 420 980 452 Et
1005 420 1121 454 festine
1145 432 1196 455 me
1222 425 1377 465 compelle

983 469 1035 501 Ad
1064 474 1179 503 cuncta
1204 470 1323 513 felicia,

934 515 985 547 De
1011 518 1142 550 caelesti
1162 522 1277 559 petrae
1302 520 1397 552 melle

984 564 1039 596 Me
1065 565 1202 599 cibando
1228 568 1320 600 satia.

565 634 596 666 5.
625 635 705 675 Ave,
732 636 841 676 capite
865 640 1032 671 truncatus

671 682 733 722 Qui
759 685 864 717 caelos
891 686 1083 729 ingrederis,

621 730 713 764 Stola
736 732 823 765 vitae
850 734 1031 775 decoratus,

667 779 728 820 Da,
755 789 828 812 nam
857 782 936 814 dare
962 784 1095 825 poteris,

621 826 667 860 Ut
691 837 709 859 a
735 828 822 868 pelle
849 834 1022 863 renovatus

667 875 730 907 Per
754 879 787 907 te
813 878 901 910 vitae
926 879 1046 911 veteris

620 923 695 955 Tibi
721 925 825 956 vivam
851 926 997 958 sociatus

663 972 701 1003 In
725 981 815 1016 pace,
841 982 903 1013 qua
928 973 1056 1008 frueris.

241 1042 268 1068 A
290 1041 340 1070 fol.
364 1041 432 1070 792„
477 1062 489 1065 -
513 1044 580 1080 Vgl.
605 1046 687 1073 Anal.
707 1046 763 1081 111,
787 1045 850 1075 184.

587 1137 634 1168 34.
676 1140 719 1169 De
738 1142 846 1171 sancto
870 1140 1048 1173 Benedicto.

165 1204 195 1237 1.
223 1206 303 1248 Ave,
332 1209 444 1246 pastor
470 1211 502 1239 et
524 1212 671 1250 patrone,

271 1253 504 1287 Monachorum
528 1256 641 1299 gloria,

221 1301 409 1344 Benedicte,
435 1306 531 1344 pater
556 1304 649 1346 bone,

270 1349 364 1382 Omni
389 1350 508 1383 florens
534 1353 648 1394 gratia,

222 1397 369 1437 Clipeum
395 1401 428 1430 te
453 1408 513 1439 pro
539 1409 590 1432 me
615 1411 699 1441 pone

272 1444 397 1478 Cuncta
423 1450 535 1480 contra
560 1449 641 1481 vitia

222 1493 308 1525 Mihi
332 1497 442 1527 astans
467 1495 500 1527 in
524 1506 636 1537 agone,

267 1542 331 1575 Per
355 1545 388 1574 te
413 1543 539 1576 vincam
567 1545 685 1578 omnia.

159 1619 191 1651 2.
218 1618 299 1659 Ave,
325 1619 379 1659 qui
405 1618 549 1653 fallentis
574 1624 684 1655 mundi

268 1666 473 1700 Conculcasti
500 1669 617 1711 dulcia,

219 1714 293 1748 Non
318 1725 370 1747 me
395 1717 508 1749 mundi
533 1716 701 1751 furibundi

267 1763 407 1804 Superet
431 1765 568 1807 malitia,

216 1811 287 1843 Nec
311 1813 482 1852 permittas
508 1823 560 1846 me
586 1813 740 1848 confundi

265 1860 406 1894 Satanae
430 1862 583 1904 versutia,

219 1908 294 1951 Sed,
321 1912 356 1941 ut
381 1908 455 1943 fiam
483 1911 590 1943 cordis
616 1912 737 1952 mundi,

263 1957 398 1990 Precum
427 1959 469 1991 da
492 1959 659 1993 instantia.

859 1213 889 1245 3.
916 1212 996 1255 Ave,
1029 1213 1135 1245 carnis
1162 1213 1382 1247 blandimenta

966 1260 1025 1300 Qui
1051 1261 1157 1294 vicisti
1183 1262 1289 1305 noxia,

917 1308 1031 1341 Carnis
1055 1309 1131 1341 iuva
1155 1312 1387 1350 temptamenta

965 1356 1102 1389 Vincere
1128 1366 1179 1389 me
1203 1358 1323 1399 spuria,

916 1404 1005 1437 Tuae
1029 1405 1093 1437 iam
1118 1405 1198 1437 mihi
1223 1409 1395 1445 praesenta

965 1452 1100 1485 Virtutis
1125 1454 1256 1497 auxilia,

918 1500 961 1533 Ut
985 1510 1045 1541 per
1070 1504 1126 1534 tua
1153 1501 1339 1534 fulcimenta

965 1549 1095 1590 Vigeam
1121 1550 1154 1582 in
1181 1550 1290 1584 latria.

854 1626 887 1657 4.
916 1627 995 1668 Ave,
1024 1627 1100 1666 quia
1125 1626 1200 1658 boni
1227 1628 1325 1659 moris

961 1674 1000 1706 In
1026 1677 1058 1706 te
1083 1675 1171 1707 ridet
1199 1680 1302 1716 eopia,

915 1721 1008 1754 Vitae
1034 1722 1111 1754 mihi
1137 1723 1280 1763 purioris

964 1769 1050 1803 Offer
1074 1770 1240 1812 beneficia,

914 1818 1042 1859 Fugere
1068 1819 1110 1851 da
1136 1819 1258 1851 cunctis
1284 1819 1371 1852 horis

962 1867 1072 1899 Omnis
1099 1868 1213 1908 culpae
1236 1868 1340 1908 devia,

914 1915 1058 1958 Praesta,
1086 1925 1142 1950 vas
1166 1919 1204 1948 ut
1227 1916 1288 1948 sim
1314 1916 1448 1949 honoris

962 1963 999 1996 In
1026 1964 1158 1997 caelesti
1182 1966 1299 2006 patria.

548 2038 579 2070 5.
606 2037 689 2081 Ave,
716 2039 791 2080 quia
816 2040 969 2073 vanitatis

655 2088 884 2130 Contempsisti
911 2089 986 2133 otia,

604 2136 669 2168 Per
694 2138 726 2168 te
752 2137 854 2169 virtus
880 2138 1011 2177 pietatis

654 2184 737 2216 Mihi
763 2184 821 2217 fiat
845 2186 943 2227 socia,

604 2232 676 2264 Duc
703 2233 743 2265 de
767 2231 860 2265 faece
886 2232 1052 2266 foeditatis

650 2280 705 2313 Ad
731 2281 817 2313 vitae
843 2282 983 2324 negotia,

604 2329 674 2361 Tua
699 2338 797 2369 prece
824 2338 895 2361 cum
922 2329 1025 2362 beatis

650 2377 707 2409 Me
734 2377 861 2410 Christo
890 2378 1049 2412 consocia.

214 2440 242 2468 A
261 2441 312 2469 fol.
334 2440 405 2472 79b.
429 2451 472 2479 sq.
494 2458 531 2463 —
553 2443 612 2472 cfr.
633 2443 720 2471 Anal.
742 2443 797 2478 111,
821 2441 886 2472 190.
