1651 2700
692 143 859 179 —137
925 164 953 169 —

574 239 605 271 5.
632 239 714 279 Ave,
742 249 813 272 mea.
838 241 954 285 gloria,

676 287 758 330 Ave,
788 298 844 321 vas
872 290 1035 334 virtutum,

629 335 667 366 In
693 336 806 367 mortis
833 339 981 378 angustia

678 383 726 415 Te
751 382 802 417 fer
827 385 907 417 mihi
933 391 1069 429 scutum,

630 431 686 463 Me
712 430 765 463 fao
790 441 810 464 a
835 431 968 466 fallacia

676 478 817 512 Satanae
841 481 989 525 solutum,

626 525 678 558 Da
700 528 732 558 in
761 529 842 560 caeli
867 530 977 568 patria

675 575 731 606 Me
757 584 825 609 cum
854 576 981 610 Christo
1007 581 1121 612 tutum.

238 625 267 654 A
287 627 337 654 fol.
360 625 431 655 80a.
452 644 489 648 -—-
512 628 569 656 cfr.
594 630 680 658 Anal.
703 632 758 663 ΠΙ,
782 631 841 660 195,

582 714 629 746 53.
672 715 713 747 De
736 717 848 748 saneta
869 717 1076 756 Kunegunde.

174 771 205 806 1.
232 772 313 812 Ave,
340 773 432 814 virgo
458 775 556 819 regia,
877 781 904 813 Ἰ,
931 781 1011 816 Ave,
1040 781 1180 813 candens
1206 782 1318 824 lilium,

283 820 398 854 Dulcis
424 831 545 863 sponsa
571 823 701 865 Christi,
980 828 1005 861 O
1034 829 1136 861 dulcis
1161 830 1280 870 regina,

234 868 432 909 Cunigundis
459 871 539 903 vitia
932 876 1073 908 Honoris
1099 877 1287 920 triclinium,

281 917 369 957 Quae
394 919 538 959 gaudens
565 920 681 963 vicisti,
977 924 1065 956 Rosa
1090 925 1160 956 sine
1185 926 1287 966 spina.

231 964 282 996 Tu
308 965 518 999 delectabilia
930 972 1011 1004 Mihi
1036 972 1069 1003 in
1096 972 1274 1005 subsidium

280 1012 396 1046 Mundi
423 1014 583 1057 abiecisti,
978 1019 1166 1052 Gaudenter
1191 1019 1310 1052 festina

235 1059 314 1092 Cum
342 1062 429 1093 dulci
456 1061 577 1095 fiducia
930 1068 974 1099 Et
998 1076 1018 1098 a
1042 1068 1285 1108 malignantium

284 1108 448 1141 Christum
474 1111 621 1143 induisti.
978 1114 1112 1147 Custodi
1138 1116 1243 1148 ruina.

167 1175 198 1206 2.
228 1175 310 1214 Ave,
338 1175 415 1208 Sion
441 1175 520 1217 filia,
868 1182 901 1214 4.
928 1182 1010 1224 Ave,
1037 1182 1138 1224 virgo,
1166 1182 1291 1214 dulcior

279 1223 327 1255 Te
352 1223 499 1256 Christus
525 1226 664 1258 salvavit
977 1229 1065 1268 Quae
1091 1238 1124 1261 es
1150 1229 1224 1262 favo
1249 1231 1355 1263 mellis

231 1270 345 1303 Carnis
372 1271 413 1303 ab
439 1271 584 1312 infamia,
929 1276 1028 1310 Cordi
1054 1286 1136 1318 meo,
1163 1279 1281 1311 clarior

277 1319 345 1358 Qua
370 1323 403 1353 te
433 1321 607 1353 maculavit
977 1325 1146 1358 Universis
1172 1327 1285 1365 stellis,

228 1367 402 1400 Daemonis
428 1369 582 1410 nequitia,
925 1373 975 1404 Tu
1001 1374 1079 1405 mihi
1106 1383 1140 1405 es
1166 1375 1291 1415 gratior

276 1415 341 1448 Sed
369 1425 439 1448 eum
465 1420 643 1456 prostravit
974 1421 1056 1454 Prae
1082 1422 1203 1454 sanctis
1229 1423 1345 1462 puellis

227 1463 298 1496 Tua
321 1464 508 1497 innocentia
924 1468 1023 1502 Salva
1047 1478 1110 1512 me,
1137 1480 1211 1502 nam
1237 1471 1359 1503 morior

275 1512 385 1552 Atque
408 1514 586 1554 superavit.
972 1517 1089 1550 Mundi
1110 1518 1144 1550 in
1170 1519 1333 1559 procellis.

560 1581 592 1614 5.
619 1580 700 1625 Ave,
729 1581 853 1622 gaudes
879 1583 974 1616 titulo

667 1629 756 1668 Quae
782 1631 989 1674 virginitatis,

618 1677 750 1709 Intuere
776 1679 868 1711 oculo

662 1725 719 1757 Me
743 1735 829 1759 nunc
854 1728 994 1771 pietatis,

622 1772 738 1806 Solvar
764 1775 961 1808 adminiculo

665 1822 734 1855 Tuo
762 1832 781 1855 a
807 1825 960 1866 peccatis.

617 1870 710 1903 Victo
737 1872 851 1904 mortis
878 1873 1006 1906 vinculo

670 1918 872 1961 Conregnem
899 1921 1015 1955 beatis.

226 1974 252 2002 A
273 1974 322 2002 fol.
344 1973 416 2003 801).
438 1989 477 1993 -
498 1975 521 2003 C
542 1975 594 2004 fol.
616 1973 673 2003 248
683 1985 709 2004 a.
731 1992 769 1996 —
792 1978 851 2007 Cfr.
873 1978 958 2007 Anal.
979 1980 1035 2014 111,
1060 1978 1115 2008 194
1136 1989 1180 2016 sq.

589 2051 637 2083 54.
680 2052 723 2083 De
744 2053 853 2085 sancto
876 2053 1053 2087 hamberto.

161 2111 193 2144 1.
219 2111 302 2154 Ave,
330 2112 418 2144 claro
444 2121 563 2153 genere
863 2117 894 2149 2.
921 2118 1001 2160 Ave,
1035 2118 1267 2150 sanctimoniae

270 2160 409 2193 Florens
436 2169 454 2193 ο
480 2160 665 2203 Lamberte‚
971 2165 1051 2198 Cum
1076 2165 1175 2197 sumis
1201 2165 1377 2210 profectus,

222 2208 350 2242 Clarior
373 2208 408 2241 in
435 2218 535 2250 opere
922 2213 1015 2245 Dono
1041 2214 1127 2254 regis
1154 2214 1279 2254 gloriae

271 2256 390 2290 Sancto
418 2266 489 2290 eras
514 2261 613 2294 certe.
971 2262 1106 2294 Praesul
1132 2270 1166 2293 es
1194 2262 1326 2304 electus,

220 2306 310 2338 Tuae
335 2306 442 2346 precis
468 2315 603 2339 munere
922 2309 1006 2341 Mihi
1030 2312 1164 2349 praesta
1188 2311 1300 2343 variae

268 2354 362 2386 Fiam
388 2353 471 2387 felix
497 2364 556 2395 per
578 2357 621 2395 te,
971 2357 1109 2389 Virtutis
1137 2357 1278 2400 effectus,

221 2403 399 2435 Conantem
427 2412 478 2435 me
501 2403 634 2436 laedere
920 2406 1085 2438 Aeternae
1111 2407 1264 2440 miseriae

270 2450 424 2484 Satanam
451 2451 614 2486 subverte.
970 2454 1020 2486 Ne
1045 2455 1157 2488 laedat
1183 2455 1340 2491 defectus,
