1651 2700
191 249 245 284 15.

189 488 244 521 20.

185 1381 239 1414 10.

207 1861 238 1893 1.

703 150 966 186 —202—

271 250 323 282 Ex
349 258 385 281 eo
411 258 496 281 mors
522 248 701 290 repellitur,

271 297 393 330 Nostra
417 297 485 330 vita
508 298 688 336 reparatur,

270 345 322 377 Ex
347 345 417 385 ipso
441 345 511 384 quis
537 343 689 384 refieitur,

269 393 306 424 In
333 393 450 424 virtute
474 392 700 433 impinguatur,

269 441 333 473 Per
355 440 460 481 ipsum
484 440 604 472 eaelum
624 440 801 480 scanditur,

270 487 509 528 Paradisusque
532 491 675 527 paratur,

271 535 332 574 Qui
356 536 426 567 sine
447 536 529 575 ipso,
556 535 712 575 perditur,

270 582 439 623 Nunquam
464 584 535 623 ipse
561 585 741 626 coronatur,

268 630 319 662 Ex
346 639 382 662 eo
407 634 550 662 sanctum
576 630 708 670 geritur,

270 677 315 709 Et
339 687 397 717 per
421 678 526 717 ipsum
551 678 621 718 quis
646 678 798 718 salvatur,

250 754 267 784 3
291 757 415 790 Quidem
437 759 502 793 ipse
523 766 590 784 non.

876 249 931 282 25.

874 488 928 520 30.

958 248 1022 280 Per
1047 256 1118 280 eum
1142 246 1262 278 malum
1288 245 1430 285 pellitur,

957 292 1024 339 [Et]
1052 304 1110 335 per
1126 295 1232 335 ipsum
1251 293 1322 334 quis
1339 293 1492 333 laetatur,

956 343 1008 375 Ex
1033 352 1069 375 eo
1095 343 1163 374 vita
1190 341 1333 380 dabitur,

957 391 1034 430 Quis
1059 392 1093 422 in
1121 390 1208 422 caelo
1236 390 1423 428 collocatur,

956 439 1019 470 Per
1042 439 1146 478 ipsum
1174 440 1285 469 cantus
1311 436 1466 477 psallitur

954 488 1005 519 Ao
1030 495 1069 518 ex
1095 495 1131 518 eo
1156 486 1361 524 iucundatur,

955 534 1020 566 Per
1045 535 1149 574 ipsum
1178 533 1279 565 virtus
1306 533 1422 574 agitur,

955 582 1078 614 Malum
1105 590 1177 613 esse
1202 579 1373 619 refutatur,

954 630 1019 662 Per
1044 639 1113 660 eum
1142 630 1206 660 vita
1231 629 1384 670 sequitur,

954 677 1169 716 Inimicusque
1193 679 1385 716 prostratur.

509 866 555 896 27.
596 866 732 905 Hymnus
754 865 792 897 de
813 866 919 898 eodem
940 871 1149 898 sacramento.

269 956 308 988 In
335 958 532 986 sacramento
561 955 663 987 deitas

270 1003 316 1035 Et
340 1003 441 1034 omnis
466 1002 633 1045 sapientia,

269 1051 306 1083 In
336 1059 371 1081 eo
397 1053 506 1081 sancta
532 1050 659 1081 trinitas

268 1098 450 1137 Divinaque
474 1098 618 1135 essentia,

269 1145 306 1176 In
331 1145 464 1184 ipsoque
489 1144 679 1187 humanitas,

272 1192 435 1231 Corporea
459 1193 603 1231 materia,

269 1240 306 1272 In
333 1248 369 1270 eo
394 1248 516 1270 summa
542 1240 671 1281 caritas,

271 1287 336 1318 Pax
362 1287 526 1327 omnisque
552 1287 728 1326 clementia¹

268 1334 304 1365 In
331 1342 366 1364 eo
392 1337 460 1365 tota
485 1334 604 1366 veritas

268 1382 349 1413 Prae
379 1381 500 1412 cunctis
535 1380 797 1421 profundissima,

267 1429 305 1461 In
331 1429 402 1468 ipso
429 1427 603 1460 efficacitas

269 1475 449 1515 Salutisque
474 1477 614 1508 remedia

267 1523 303 1554 In
332 1531 430 1562 eoque
454 1524 635 1555 iucunditas

270 1571 345 1603 Cum
372 1571 497 1610 gaudio,
524 1572 655 1614 laetitia,

249 1643 269 1672 4
287 1645 444 1680 Firmaque
466 1647 602 1673 essentia.

874 958 929 990 15.

872 1194 927 1226 20.

869 1432 925 1463 25.

954 958 991 989 In
1017 957 1087 996 ipso
1113 957 1227 994 virtus,
1254 955 1407 987 sanctitas

956 1004 1212 1043 Cunctorumque
1236 1003 1382 1044 potentia

954 1052 993 1084 In
1018 1052 1152 1091 ipsoque
1176 1051 1358 1092 benignitas

954 1099 999 1131 Et
1022 1100 1123 1130 omnis
1148 1098 1358 1138 indulgentia,

953 1146 991 1178 In
1019 1155 1054 1178 eo
1081 1146 1175 1177 nimis
1201 1146 1316 1185 pietas,

954 1194 1045 1226 Haeo
1068 1202 1147 1225 vera
1172 1198 1221 1225 est
1244 1194 1414 1235 sententia,

953 1241 990 1273 In
1013 1242 1148 1281 ipsoque
1175 1241 1357 1272 sublimitas

952 1290 998 1322 Et
1022 1289 1123 1320 maior
1149 1289 1349 1329 excellentia,

952 1338 990 1369 In
1016 1345 1052 1369 eo
1078 1337 1197 1375 lumen,
1225 1337 1365 1373 claritas,

954 1384 1023 1423 Qua
1046 1384 1211 1424 gradimur
1237 1384 1399 1418 caelestia.

952 1431 1145 1463 Huiusmodi
1172 1430 1331 1463 festivitas

949 1477 989 1510 In
1015 1483 1126 1512 nostra
1151 1479 1194 1510 sit
1218 1479 1383 1521 memoria,

952 1526 1110 1558 Sollennis
1135 1528 1201 1559 eius
1229 1527 1367 1567 dignitas

953 1574 1018 1606 Nos
1046 1575 1212 1607 coronabit
1237 1575 1350 1616 gloria.

626 1773 673 1804 28.
713 1774 850 1813 Hymnus
872 1774 909 1806 de
930 1775 1034 1807 (ἔνης-ο.

265 1861 331 1893 Iam
356 1861 390 1891 in
416 1870 510 1893 eruce
534 1862 645 1893 mundi
670 1864 756 1895 salus

262 1907 305 1939 Et
329 1909 485 1949 pependit
506 1910 570 1941 iam
596 1911 748 1951 salvator,

266 1956 324 1988 Cui
349 1956 478 1988 honoris
504 1958 604 1989 omnis
628 1958 709 1999 laus,

264 2004 340 2042 Ipse
364 2002 426 2035 fuit
448 2004 680 2046 triumphator3

266 2050 290 2083 O
318 2059 410 2090 quam
438 2052 525 2083 dirus
552 2051 612 2084 fuit
638 2054 756 2097 clavus,

264 2098 376 2130 Carnis
403 2099 522 2132 Christi
547 2100 749 2141 perforator!

262 2193 330 2225 Iam
355 2193 417 2227 fuit
443 2194 587 2227 Christus
613 2198 762 2230 venditus

258 2241 310 2273 Ab
335 2242 391 2274 illo
416 2243 498 2276 Iuda
523 2245 671 2286 pessimo,

261 2289 325 2321 Per
348 2290 460 2323 ludam
486 2290 549 2324 fuit
574 2293 712 2325 traditus

259 2336 323 2368 Hic
346 2339 463 2378 populo
489 2340 630 2384 Iudaico,

261 2385 364 2417 Iudex
389 2387 511 2420 Pilatus
536 2389 669 2421 Pontius

261 2433 358 2472 Quem
384 2436 519 2468 tradidit
544 2438 713 2477 supplicio.

895 1867 925 1898 3.
951 1865 1020 1908 Fel,
1050 1869 1174 1898 acetum
1203 1870 1234 1898 et
1260 1868 1384 1900 arundo

889 2201 922 2234 4.

952 1913 1116 1954 Spinique‚
1144 1915 1238 1955 clavi,
1265 1915 1379 1948 lancea

949 1962 1121 2001 Minaeque
1147 1963 1261 1994 vulnus
1288 1964 1437 2007 Domino,

952 2009 1119 2041 Passiones
1145 2007 1202 2054 [et]
1232 2011 1379 2054 verbera,

949 2057 1040 2089 Mors
1066 2058 1125 2089 sub
1154 2059 1258 2091 Pilato
1284 2060 1414 2102 Pontio,

949 2105 1142 2137 Iniuriarum
1167 2107 1314 2141 verbera.

948 2201 987 2233 In
1015 2210 1109 2234 cruce
1135 2202 1257 2235 Christi
1283 2205 1403 2237 caritas

946 2248 992 2280 Et
1016 2251 1127 2290 populi
1153 2253 1344 2297 redemptio,

948 2297 1051 2342 Mors,
1078 2299 1156 2341 vita,
1183 2300 1247 2342 via,
1274 2301 1394 2333 veritas

950 2344 1119 2387 Nimisque
1146 2348 1217 2379 dira
1242 2349 1362 2393 passio,

947 2393 986 2425 1n
1013 2402 1107 2426 cruce
1132 2405 1255 2428 summa
1281 2398 1438 2431 sanctitas

949 2440 1132 2483 Salutisque
1157 2444 1296 2485 largitio.
