1651 2700
703 148 962 183 -110—

191 248 223 280 3.
249 247 329 290 Ave,
356 247 430 279 Iesu
453 246 598 278 manibus

297 295 419 327 Iunctis
444 294 602 326 scandens
628 294 760 336 caelum,

247 343 326 375 Post
348 345 383 373 ’te
407 342 653 374 ascendentibus

296 389 436 430 Ignitum
463 390 519 422 das
545 390 659 432 zelum,

249 437 301 470 D:
324 437 404 469 meis
429 437 588 470 erratibus

294 485 478 517 Medicinae
500 485 620 526 velum,

250 532 298 565 Ut
320 541 390 564 cum
413 534 448 564 ‘te
472 532 678 573 sequentibus

298 580 415 612 Mortis
439 579 537 611 vitem
558 580 693 620 prelum.

874 246 908 279 4.
934 244 1015 282 Ave,
1039 244 1124 282 Iesu,
1152 242 1290 274 culmina

983 292 1044 331 Qui
1067 290 1195 323 scandis
1216 290 1376 330 polorum,

935 340 982 372 Te
1006 341 1182 379 sequuntur
1206 337 1333 378 agmina·

982 387 1083 419 Plura
1108 386 1286 418 beatorum.

935 435 983 468 Ut
1006 435 1145 466 evadens
1170 433 1315 476 fulmina,

985 481 1114 521 Confer,
1139 480 1340 513 infernorum

934 530 1186 572 Apprehendam
1208 529 1320 562 limina

983 580 1103 611 Ianuae
1128 578 1297 610 caelorum.

533 649 564 680 5.
590 647 672 683 Ave,
698 646 771 678 Iesu
798 646 931 678 dextera

638 693 697 732 Qui
722 702 807 725 nunc
829 693 932 733 patris
957 692 1062 731 sedes,

589 741 717 773 Tenens
742 749 839 781 super
860 740 992 772 aethera

638 788 784 820 Potiores
809 788 913 829 sedes,

591 835 678 875 Lege
702 834 872 867 salutifera

637 882 729 914 Meos
754 891 868 923 regens
893 883 1003 925 pedes,

591 929 680 961 Leva
703 939 801 969 super
825 930 934 962 sidera

637 977 694 1009 Me
718 977 760 1009 ad
785 978 865 1009 caeli
889 977 996 1009 aedes.

254 1043 279 1070 A
299 1043 348 1069 fol.
372 1041 387 1069 1
409 1050 436 1069 a.

550 1124 591 1156 12.
631 1125 674 1155 De
694 1125 892 1157 sanctissimo
912 1125 1122 1157 Sacramento.

195 1205 226 1240 1.
252 1206 334 1238 Ave.
359 1215 475 1238 manna
499 1206 693 1246 angelorum,

301 1254 375 1285 Iesu
400 1254 510 1285 vivens
535 1254 650 1295 hostia,

253 1301 340 1332 Fons
368 1303 399 1331 et
423 1301 520 1332 arrha
543 1301 730 1340 gaudiorum

303 1349 425 1381 Cuncta
451 1348 561 1379 delens
585 1348 703 1386 trist-ia,

253 1395 381 1427 Morum
408 1394 517 1426 confer
540 1395 746 1427 honestorum

302 1442 385 1475 Mihi
410 1442 573 1481 exercitia,

255 1489 416 1522 Universa
439 1490 588 1521 vitiorum

302 1537 432 1577 Fugans
458 1546 478 1569 a.
500 1546 551 1568 me
574 1538 679 1569 noxia.

199 1606 231 1638 2.
257 1605 338 1644 Ave⁷
364 1604 456 1644 panis
480 1604 623 1635 mulcens
647 1607 781 1648 gustum,

306 1652 365 1691 Qui
391 1651 481 1683 cibus
507 1660 540 1682 es
565 1652 744 1692 grandium,

255 1698 331 1731 Tibi
355 1707 407 1730 me
432 1699 584 1739 grandem
611 1703 644 1731 et
667 1700 785 1731 iustum

303 1747 366 1779 Per
389 1746 478 1787 pium
502 1745 556 1778 fac
579 1748 729 1790 studium,

256 1793 365 1825 Meum
389 1802 445 1825 cor
466 1797 566 1826 totum
594 1797 739 1826 exustum

301 1841 368 1873 Per
394 1842 508 1882 culpae
530 1842 712 1874 incendium

256 1889 423 1921 Virtutum
445 1887 526 1921 flore
549 1892 717 1922 venustum

301 1936 380 1976 Fac,
407 1945 426 1969 o
453 1937 560 1969 cordis
584 1938 745 1977 gaudium.

879 1207 910 1240 3.
936 1207 1017 1248 Ave,
1046 1215 1160 1245 corpus
1185 1205 1306 1238 Christi
1330 1208 1440 1238 natum

984 1253 1037 1286 Ex
1061 1254 1168 1285 Maria
1190 1254 1322 1297 virgine,

936 1300 1038 1332 Dirae
1064 1301 1151 1332 cruci
1177 1302 1399 1333 conclavatum

984 1348 1059 1380 Meo
1084 1358 1143 1387 pro
1168 1349 1363 1389 peccamine,

936 1396 1057 1427 Misero
1082 1396 1160 1427 mihi
1186 1396 1338 1428 collatum

984 1444 1102 1483 Empto
1126 1447 1181 1476 tuo
1206 1445 1372 1485 sanguine,

936 1491 1070 1534 Munda,
1103 1500 1230 1531 quaeso,
1256 1500 1308 1523 me
1335 1491 1493 1524 fuscatum

985 1539 1114 1570 Peccati
1139 1538 1283 1579 fuligine.

878 1606 911 1638 4.
936 1605 1020 1645 Ave,
1045 1606 1171 1637 animae
1197 1606 1344 1649 dulcedo,

987 1652 1144 1685 Salutaris
1167 1654 1308 1694 victima,

938 1700 975 1732 In
1000 1703 1034 1731 te
1059 1701 1185 1743 devota,
1211 1704 1248 1733 ut
1272 1702 1380 1743 credo,

986 1748 1163 1788 vegetatur
1186 1749 1303 1792 anima,

938 1795 1023 1839 Tibi,
1051 1797 1134 1839 Iesu,
1162 1799 1264 1829 totum
1287 1807 1340 1829 me
1366 1798 1418 1841 do,

988 1844 1012 1876 Ο
1039 1853 1111 1877 mea
1136 1854 1212 1885 pars
1238 1846 1368 1889 optima,

937 1892 969 1923 A
994 1900 1045 1922 me
1068 1892 1164 1932 longe
1187 1893 1229 1924 sit
1253 1894 1382 1926 salsedo

989 1940 1112 1979 culpae
1135 1941 1346 1976 amarissima.

537 2006 569 2038 5.
595 2005 677 2042 Ave,
702 2005 803 2036 virtus
825 2004 960 2047 infinita,

640 2052 725 2094 lesu,
752 2061 824 2084 mea
848 2053 959 2095 gloria,

595 2100 634 2132 In
659 2103 692 2131 te
715 2109 800 2140 spes,
826 2100 913 2133 salus
938 2104 970 2132 et
995 2102 1072 2143 vita,

646 2148 755 2180 Omnis
780 2148 856 2180 boni
881 2149 983 2188 copia,

598 2195 663 2227 Per
686 2199 721 2226 te
743 2204 796 2227 me
819 2196 863 2228 ad
886 2199 920 2228 te
943 2197 1045 2229 invita

646 2243 808 2284 Singulari
831 2245 945 2285 gratia,

597 2290 800 2331 Sempiterna
823 2301 905 2332 pace
929 2292 998 2325 dita

643 2339 681 2371 In
707 2340 789 2372 caeli
813 2349 864 2371 me
886 2341 1004 2380 patria.

251 2404 278 2431 A
297 2403 347 2431 fol.
370 2403 407 2432 14
419 2413 446 2432 a.
461 2420 498 2424 —
511 2405 687 2433 Aufschrist:
710 2405 772 2439 „Ad
792 2406 989 2434 elevationem
1002 2406 1199 2437 eucharistiae
1210 2412 1445 2441 sacrosanctae-⁹
1462 2427 1502 2432 -—

178 2442 235 2470 cfr.
254 2443 341 2470 Anal.
361 2443 417 2476 ΙΠ,
441 2441 504 2471 175.
