1651 2700
685 172 735 177 -
784 153 830 189 33
880 174 924 178 -

602 245 638 275 11.
679 244 723 276 De
744 247 855 278 sancta
874 246 1010 279 Martha.

148 333 182 367 1.
209 333 362 367 Marthae
387 334 490 366 sacris
518 334 693 367 sollemniis

209 381 323 414 Clerus
348 382 486 414 adludat
511 382 668 423 cantibus,

207 429 308 462 Plebs
334 430 515 469 gratuletur
539 430 663 472 gratiis,

205 477 396 509 Exsultet
414 477 560 509 caelum
574 478 773 512 laudibus.

146 563 178 594 2.
204 562 336 594 Almum
362 561 533 594 laudamus
561 563 722 603 hospitem
796 566 827 598 5.

203 610 364 653 Marthae,
396 611 439 650 te,
465 611 541 643 Iesu
568 610 716 653 Domine,

204 658 318 698 Usque
343 657 386 689 ad
415 660 524 690 terrae
549 658 685 690 limitem

199 706 230 737 A
255 706 368 738 solis
394 708 517 737 ortus
547 707 739 740 cardine.

142 791 176 823 3.
202 791 418 823 Resuscitasti
444 791 604 824 Lazarum
794 795 827 828 6.

204 839 316 871 Precis
343 839 438 871 huius
461 841 627 880 praesidio

200 886 441 928 Depopulando
469 891 638 930 tartarum,

199 935 305 974 Iesu,
333 939 471 968 nostra
495 937 730 978 redemptio.

202 1021 228 1049 B
249 1021 300 1049 fol.
327 1020 382 1049 170
403 1023 431 1050 b.

800 339 832 370 4.
858 337 947 369 Tuae
973 339 1077 370 crucis
1102 339 1266 380 signaculo

857 384 1040 417 Draconem
1064 390 1159 418 necat
1182 387 1317 427 impium

858 431 1002 464 Salutem
1029 434 1109 466 dans
1134 434 1215 466 haec
1238 437 1369 477 populo,

856 480 938 513 Rex
954 480 1127 523 Christe,
1142 481 1272 515 factor
1290 485 1468 520 omnium.

854 565 927 598 Hac
950 566 985 598 in
1007 567 1094 598 valle
1118 570 1185 599 tam
1209 569 1329 600 misera

854 613 1047 646 Nostrarum
1074 624 1169 647 sanas
1195 619 1342 648 veterum

855 660 1032 701 Culparum
1058 671 1119 702 per
1144 663 1227 695 hauc
1251 664 1373 706 ulcera,

854 708 1069 742 Conditor
1091 711 1199 743 alme
1215 712 1251 744 si
1264 712 1416 747 derum.

852 795 945 827 Assit
970 796 1023 828 hic
1047 800 1080 828 et
1103 797 1137 829 in
1163 798 1271 837 patria

853 843 954 875 Plena
979 844 1073 876 nobis
1099 844 1251 888 felicitas,

851 890 939 923 Laus
965 892 1026 924 tibi
1052 893 1095 924 sit
1119 896 1152 925 et
1176 894 1288 936 gloria,

853 939 879 971 O
905 939 998 981 lux,
1024 940 1156 973 beata
1179 941 1374 977 trinitas

559 1114 601 1146 12.
641 1114 687 1145 De
707 1114 820 1145 sancta
838 1114 1034 1146 Petronella.

138 1203 172 1238 1.
199 1204 416 1237 Petronellam
443 1203 638 1236 caelestibus

196 1253 306 1294 Iungis
333 1252 462 1284 choreis
487 1252 585 1284 hodie

197 1300 313 1333 Multis
339 1299 478 1333 faustam
503 1299 688 1342 virtutibus,

195 1348 393 1389 Splendor
405 1352 599 1390 paternae
613 1348 775 1389 gloriae.

138 1436 171 1469 2.
196 1435 354 1468 Invenisti
379 1435 561 1468 mirabilem

196 1484 236 1517 In
261 1484 309 1516 tui
334 1492 432 1524 grege
456 1483 568 1524 populi

194 1531 409 1572 Margaritam
436 1532 520 1564 hanc
542 1531 695 1573 nobilem,

194 1579 312 1621 Iesu,
340 1581 540 1613 salvator
565 1580 743 1613 saeculi.

134 1668 167 1699 3.
195 1665 310 1705 Corde,
338 1675 396 1698 ore
419 1669 452 1697 et
477 1675 575 1706 opere

195 1713 264 1746 Sibi
290 1722 443 1753 sponsum
470 1717 503 1744 et
530 1713 692 1745 dominum

198 1761 367 1801 Quaesivit
391 1764 425 1792 te
451 1769 664 1801 summopere,

193 1809 298 1849 Iesu,
327 1817 476 1841 corona
501 1808 708 1848 virginum.

200 1894 225 1922 B
244 1894 296 1923 fol.
320 1890 375 1921 163
397 1894 424 1921 b.

836 1205 870 1237 4.
898 1204 1093 1249 Virginitate
1116 1204 1227 1239 floruit

895 1253 1036 1285 Pudoris
1062 1252 1146 1285 fulta
1170 1254 1249 1296 lilio,

896 1300 1057 1341 Sponsum
1082 1304 1115 1334 te
1142 1302 1239 1342 digne
1261 1304 1388 1346 meruit,

894 1349 999 1389 Iesu,
1027 1353 1168 1383 nostra
1193 1351 1427 1392 redemptio.

834 1437 866 1469 5.
893 1436 933 1469 In
959 1437 1039 1468 caeli
1065 1445 1126 1477 per
1150 1439 1184 1468 te
1208 1436 1342 1471 floribus

893 1484 1043 1517 Thronus
1071 1485 1164 1517 datus
1190 1484 1339 1519 floridior

893 1532 940 1565 Es
965 1533 1030 1573 ipsi
1056 1542 1128 1565 cum
1153 1534 1344 1576 virginibus,

894 1581 1001 1621 Iesu,
1031 1590 1175 1614 corona
1201 1583 1358 1616 celsior.

833 1668 865 1699 6.
892 1666 942 1698 Sit
967 1675 1052 1698 nunc
1076 1667 1130 1698 hic
1155 1670 1188 1699 et
1211 1668 1245 1699 in
1270 1670 1379 1708 patria

891 1714 980 1745 Vera
1003 1714 1097 1746 nobis
1121 1714 1272 1759 felicitas,

894 1761 981 1793 Laus
1007 1761 1067 1793 tibi
1093 1762 1136 1794 sit
1161 1766 1194 1795 et
1219 1765 1332 1808 gloria,

894 1809 919 1841 Ο
945 1809 1036 1850 lux,
1064 1810 1193 1843 beata
1218 1813 1415 1848 trinitaS.

543 1977 585 2009 13.
625 1977 669 2009 De
691 1985 734 2009 ss.
755 1976 879 2009 Simone
901 1977 934 2008 et
952 1977 1040 2009 luda.

136 2070 168 2105 1.
194 2070 450 2103 Firmamentum
478 2069 636 2102 ecelesiae

191 2118 286 2152 Nova
310 2118 467 2159 produxit
492 2118 611 2158 sidera,

192 2167 331 2200 Fontem
357 2168 515 2199 miremur
540 2166 666 2206 gratiae

193 2215 288 2248 Talia
315 2215 446 2247 dantem
474 2223 587 2255 opera.

130 2304 163 2337 2.
190 2302 290 2335 Iudas
316 2302 587 2342 Mesopotamiam

192 2352 395 2391 Pontumque
418 2350 489 2382 Deo
515 2349 656 2389 dedicat,

189 2399 236 2431 Et
259 2408 319 2440 per
344 2399 489 2440 Aegypti
516 2397 656 2439 patriam

191 2447 300 2479 Simon
328 2448 466 2479 salutem
490 2445 673 2487 praedicat.

175 2504 198 2527 D
206 2511 220 2527 ι·
227 2511 265 2528 ev
271 2511 286 2527 e
293 2512 306 2528 s
313 2523 319 2535 ,
337 2504 505 2528 Christanus
522 2502 759 2534 Campoliliensis.

836 2069 868 2101 3.
894 2068 1018 2100 Errore
1043 2069 1150 2101 adhuc
1174 2071 1333 2111 perfidam

893 2116 1023 2149 Pariter
1047 2126 1139 2149 suum
1166 2119 1310 2160 dirigunt

895 2164 1048 2196 Gressum
1076 2166 1169 2198 ambo
1194 2167 1228 2199 in
1258 2168 1440 2213 Persidam,

894 2212 993 2251 Quam
1020 2213 1108 2246 vitae
1132 2215 1241 2247 verbis
1270 2217 1407 2257 erigunt.

836 2300 867 2332 4.
896 2299 1082 2339 Principem
1105 2300 1340 2342 Babylonicum

893 2347 1054 2387 Baptismi
1079 2350 1237 2382 mundant
1261 2352 1366 2391 gratia

892 2396 1116 2437 Populumque
1142 2398 1357 2442 barbaricum,

894 2443 960 2476 Ceu
986 2445 1201 2488 quadraginta
1226 2448 1327 2481 milia.

1264 2502 1282 2533 3
