1651 2700
708 144 942 179 -32—

532 243 562 274 7.
591 241 756 273 Subventu
779 249 837 272 nos
862 239 1003 280 propitio

590 288 753 321 Consolari
781 288 933 320 divinitus

590 336 666 369 Cum
693 338 786 375 patre
812 338 845 367 et
870 344 938 366 cum
963 334 1031 366 filio

589 384 712 425 Veni,
740 386 914 415 creator
938 381 1139 422 spiritus,

247 450 272 477 B
300 450 351 477 fol.
379 448 435 477 172
459 458 485 477 a.
510 465 548 470 —-
574 447 612 483 3,
639 447 657 478 3
684 458 720 477 ex
744 449 826 477 fehlt.
845 463 884 467 —
904 448 993 476 Siehe
1013 448 1113 475 diesen
1133 447 1271 483 Hymnus
1298 446 1408 474 bereits
1430 453 1483 473 aus

174 488 301 515 anderen
322 488 448 522 Quellen
466 488 551 515 Anal.
569 488 619 522 IV,
643 485 704 522 135,
724 489 775 516 Nr.
797 486 861 515 245.

592 579 634 611 10.
673 580 717 611 De
739 580 845 610 sancto
866 577 1063 610 Leonhardo.

437 650 468 683 1.
494 649 591 681 Humi
617 650 658 681 de
681 649 809 681 tribulis
833 650 963 682 novella
987 649 1105 689 rosula,

493 697 638 729 Omnium
664 697 763 728 oculis
791 697 931 737 stuporis
956 696 1075 737 gemla,

492 744 702 783 Praepollens
726 744 847 776 inclitis
872 744 984 776 beatus
1009 744 1132 775 meritis

541 791 751 823 Leonhardus
775 792 991 831 progreditur.

437 877 468 908 2.
495 874 617 907 Gerens
641 875 805 907 innoxiam
830 876 951 907 salubri
976 876 1081 917 gratia

492 922 557 954 Hic
580 923 794 954 innocentiam
819 932 839 954 a
863 924 1003 964 pueritia

493 969 606 1002 Multis
631 970 749 1010 vigiliis
775 973 871 1010 atque
894 971 1020 1002 ieiuniis

540 1015 644 1057 Leges
670 1017 775 1049 carnis
799 1019 1012 1058 persequitur.

437 1105 467 1137 3.
494 1104 587 1135 Ferri
614 1104 819 1143 compedibus
845 1114 923 1144 quos
948 1105 1072 1137 vinctos
1098 1106 1243 1145 noverat,

495 1151 563 1183 Piis
586 1151 772 1191 precatibus
797 1152 942 1191 protinus
967 1152 1098 1192 liberat,

497 1198 551 1230 Sic
575 1199 668 1230 adest
692 1199 837 1230 omnibus
863 1208 896 1230 se
920 1199 1143 1231 invocantibus

544 1245 715 1286 Sospitatis
742 1246 821 1278 dans
846 1247 991 1286 gratiam.

442 1332 474 1365 4.
500 1331 606 1371 Ipsius
632 1332 773 1374 vernula,
799 1340 972 1371 oppressus
997 1332 1139 1372 graviter

499 1378 586 1410 Fera
606 1388 665 1418 per
689 1379 826 1421 vincula,
853 1379 974 1410 solutus
1000 1379 1118 1411 leniter

503 1426 642 1458 Catenae
666 1426 824 1458 sarcinam
848 1425 990 1466 ferrique
1013 1426 1194 1459 machinam

547 1472 653 1505 Sancti
682 1472 747 1506 fert
771 1474 813 1505 ad
839 1474 1016 1507 ecclesiam.

441 1558 473 1591 5.
497 1557 576 1589 Alta
602 1558 642 1589 de
666 1556 769 1598 fovea,
796 1567 858 1597 qua
882 1558 932 1590 vir
956 1556 1125 1599 infoditur,

497 1607 648 1645 Arcaque
668 1606 774 1645 lignea
799 1614 868 1637 cum
894 1606 1132 1648 superponitur,

500 1652 635 1684 Sanctus
660 1653 844 1692 adveniens,
873 1656 1000 1692 captum
1027 1653 1166 1693 eripiens

545 1700 609 1732 Dat
634 1700 779 1732 libertati
804 1700 969 1740 pristinae.

446 1777 478 1809 6.
505 1776 559 1808 Sic
582 1777 690 1808 multis
715 1777 795 1808 talia
820 1777 938 1808 virtute
962 1777 1111 1809 redolens

500 1824 567 1855 Dat
590 1824 755 1865 beneficia,
782 1825 905 1856 sincere
930 1825 1112 1867 condolens,

500 1871 606 1904 Verbo
631 1871 795 1912 mirificus,
822 1880 884 1911 ope
908 1871 1069 1904 salvificus

550 1919 725 1951 Salvatoris
749 1920 781 1951 in
807 1920 943 1952 nomine.

445 2006 476 2038 7.
503 2006 655 2038 Iuvamen
679 2007 825 2046 porrigat
848 2014 924 2037 suae
951 2007 1147 2049 clementiae,

499 2054 653 2086 Precatus
680 2054 798 2094 dirigat
822 2054 864 2085 ad
889 2062 996 2094 regem
1021 2054 1150 2095 gloriae,

500 2100 626 2133 Dentur
650 2104 686 2132 ut
709 2101 853 2141 praemia
876 2101 968 2133 nobis
994 2102 1026 2133 in
1051 2103 1159 2141 patria

550 2148 749 2181 Gaudiorum
775 2158 845 2180 cum
870 2148 1013 2182 foenore.

443 2235 475 2267 8.
501 2234 590 2266 Patri
615 2234 756 2274 ingenito
783 2235 912 2275 eiusque
936 2233 1013 2274 filio,

503 2283 669 2314 Pneumati
693 2283 805 2314 inclito
831 2284 874 2315 sit
897 2282 1054 2323 iubilatio,

497 2330 622 2372 Honor,
648 2330 793 2371 victoria,
822 2331 927 2374 decus,
955 2331 1036 2371 lauS,
1063 2332 1176 2376 gloria,

546 2377 640 2410 Nunc
665 2381 697 2410 et
720 2379 754 2410 in
779 2379 864 2411 omni
889 2381 1046 2419 tempore.

250 2435 275 2462 B
294 2434 345 2462 fol.
368 2432 423 2462 163
444 2443 470 2463 a.
492 2451 529 2455 —-
551 2434 576 2469 6,
598 2434 617 2463 2
637 2436 744 2464 wieder
764 2437 900 2465 redolens
919 2436 974 2464 Hs.
