1651 2700
217 239 248 271 3.
274 238 357 277 Ave,
384 237 447 269 tuis
471 236 617 268 manibus

319 286 407 326 Quae
431 285 512 326 ligas
540 284 710 316 draconem

274 334 446 366 Praestans
471 332 680 372 pereuntibus

322 380 590 417 Exsultationem‚

273 429 339 461 Fer
367 428 406 460 de
432 428 535 468 culpis
561 427 708 459 omnibus

319 475 563 508 Absolutionem

271 523 356 555 Mihi
383 526 415 554 et
439 532 509 554 cum
536 522 680 556 coetibus

324 571 413 603 Caeli
437 571 644 602 mansionem.

727 140 983 175 ,144-

901 238 933 270 4.
960 238 1042 276 Ave,
1070 244 1176 276 regem
1201 233 1361 266 Franciae

1009 284 1156 316 Mulcens
1184 281 1422 314 chlodovaeum

963 331 1120 372 Sospitati
1146 329 1270 371 gratiae

1010 379 1094 412 Cura
1118 377 1258 410 reddens
1286 384 1367 415 eum,

960 427 1011 459 De
1036 429 1127 467 peste
1151 424 1315 465 nequitiae

1008 474 1126 507 Sanum
1150 481 1202 504 me
1227 470 1281 504 fac
1306 479 1406 510 reum,

956 522 1110 555 Precibus
1137 520 1325 552 clementiae

1007 570 1090 602 Mihi
1117 569 1250 609 placans
1275 567 1390 599 Deum.

619 666 647 699 5.
673 665 755 706 Ave,
780 663 897 696 florens
922 664 1054 697 floribus

718 712 969 752 Hospitalitatis,

671 759 811 791 Necesse
835 760 1027 791 habentibus

720 806 821 839 Offers
848 810 904 838 tua
929 808 1040 847 gratis,

666 854 760 886 Vivis
785 862 836 885 me
864 855 1035 886 virtutibus

713 901 829 933 Ditans
854 902 998 933 caritatis

669 948 740 980 Poli
763 951 868 980 tecum
897 949 1019 981 civibus

274 1070 300 1097 A
321 1070 370 1097 fol.
394 1068 463 1097 14a.

716 995 810 1028 Socia
834 996 947 1030 beatis,

642 1182 688 1214 65.
727 1183 769 1214 De
791 1184 899 1214 sancto
920 1182 1065 1214 Martino.

208 1278 239 1311 1.
265 1280 347 1320 Ave,
373 1279 434 1311 Dei
460 1279 607 1320 pontifex

265 1326 309 1358 Et
337 1327 489 1359 virtutum
515 1327 624 1368 opifex

312 1374 453 1406 Martine
477 1375 581 1418 beate,

265 1420 419 1453 Genetrix
444 1423 596 1465 Panonia‚

263 1469 333 1501 Tua
359 1473 390 1500 te
415 1469 510 1502 Italia

311 1516 430 1549 Nutrix
456 1518 590 1550 laudant
615 1522 716 1559 grate.

263 1563 372 1596 Manui
408 1567 478 1596 tuas
505 1567 672 1598 commoda

260 1612 314 1643 Ad
340 1621 429 1643 meae
453 1614 655 1646 incommoda

310 1659 430 1692 Mentis
455 1661 643 1704 sceleratae,

262 1706 348 1739 Sana
372 1716 423 1739 me
449 1709 595 1750 interius,

261 1754 396 1787 Exorna
422 1757 562 1788 exterius

312 1803 440 1835 Morum
464 1805 634 1844 gravitate.

200 1898 236 1929 2.
262 1897 344 1934 Ave,
369 1902 423 1936 qui
449 1899 593 1937 cooperis

263 1943 453 1975 Nuditatem
479 1946 632 1985 pauperis

311 1990 488 2030 Chlamyde
515 1992 644 2032 partita,

262 2038 331 2069 Tua
355 2047 414 2077 per
440 2038 590 2078 suffragia

261 2085 363 2117 Nulla
383 2094 443 2125 per
468 2086 632 2118 contraria

310 2133 432 2165 Vincar
456 2133 489 2165 in
516 2133 577 2165 hac
602 2134 678 2167 vita.

264 2181 340 2212 Mea
363 2189 452 2212 mens
478 2190 537 2221 per
562 2182 680 2213 misera

263 2227 336 2260 Non
362 2229 519 2269 laedatur,
547 2237 705 2269 prospera

312 2276 439 2308 Virtute
463 2278 590 2319 vestita,

262 2323 341 2354 Tuis
365 2324 414 2356 sic
440 2325 568 2356 auxiliis

262 2372 372 2411 Atque
397 2371 560 2404 beneficiis

312 2417 376 2458 Spe
402 2419 491 2451 fruar
517 2420 636 2460 cupita.

894 1283 924 1315 3.
951 1283 1031 1324 Ave,
1060 1290 1216 1321 spernens
1241 1282 1403 1313 saeculum

952 1330 1158 1369 Militumque
1179 1329 1349 1369 cingulum,

1002 1376 1129 1409 Gaudia
1153 1377 1333 1419 stultorum,

952 1425 1005 1456 Ad
1031 1424 1183 1464 baptismi
1209 1425 1341 1456 lavacra

953 1473 1052 1504 Volas
1078 1476 1110 1504 et
1135 1472 1309 1504 simulacra

999 1520 1109 1552 Deicis
1137 1521 1286 1561 deorum;

956 1568 1004 1599 Da
1030 1568 1120 1610 mihi,
1146 1571 1183 1599 ut
1206 1569 1313 1600 omnia

954 1616 1069 1648 Mundi
1095 1624 1246 1655 spernam
1272 1616 1391 1656 gaudia

1003 1663 1081 1696 Cum
1108 1664 1205 1695 melle
1231 1673 1350 1707 eorum,

952 1711 998 1743 Et
1022 1721 1073 1743 me
1098 1710 1150 1743 fac
1175 1711 1335 1752 proficere

952 1760 991 1792 In
1018 1760 1171 1791 virtutum
1197 1769 1330 1792 munere

1001 1807 1096 1839 More
1121 1805 1299 1842 beatorum.

922 1928 929 1934 .
956 1902 1039 1944 Ave,
1065 1903 1120 1941 qui
1147 1902 1291 1933 restituis

953 1949 1072 1980 Tribus
1097 1949 1197 1980 vitam
1223 1949 1358 1980 mortuis

1001 1996 1072 2027 Tua
1096 2004 1195 2034 prece
1220 2005 1310 2036 pura,

955 2043 1092 2074 Animae
1116 2043 1252 2074 restitue

953 2089 1050 2121 Meae
1075 2098 1202 2122 sensum
1229 2093 1375 2123 mortuae

1001 2137 1133 2170 Medela
1156 2147 1289 2178 secura3

955 2185 1034 2217 Post
1058 2186 1189 2218 odorem
1218 2195 1348 2219 currere

954 2231 1055 2263 Tuum
1083 2232 1136 2265 fac
1161 2238 1194 2266 et
1219 2243 1336 2274 capere

1001 2280 1058 2311 Me
1082 2289 1183 2321 regna
1208 2291 1369 2323 mansura,

954 2326 1086 2359 Nullum
1109 2338 1160 2360 me
1184 2330 1333 2362 illicitum

955 2374 1077 2407 Trahat
1104 2377 1155 2408 vel
1180 2376 1378 2417 prohibitum

1026 2424 1080 2456 Ad
1105 2425 1191 2457 mala
1216 2424 1335 2460 futura.
