1651 2700
669 129 935 164 —213—

145 220 178 254 5.
205 220 256 253 Tu
283 224 441 262 concepta
465 222 606 263 gloriosa

205 269 244 301 In
270 269 334 302 Dei
359 270 589 311 sanctitudine,

208 317 258 349 Tu
285 326 318 350 es
344 318 545 359 pulchraque
570 318 713 353 formosa

205 365 251 397 Et
276 366 346 398 sine
372 370 407 399 tu
429 366 576 408 libidine,

205 413 255 446 Tu
281 414 410 457 venisti,
437 415 540 456 virgo,
565 424 653 456 rosa,

204 462 236 494 A
262 472 387 495 summa
413 463 616 496 celsitudine.

171 549 179 556 .
208 525 303 558 Salus
329 534 389 565 per
414 529 447 557 te
473 526 681 559 credentibus

206 572 251 604 Et
274 573 382 605 lumen
409 576 458 605 est
482 573 676 617 hominibus,

205 621 376 661 Favorque
400 621 467 654 vita
492 622 651 663 gentibuS,

206 668 256 700 Tu
281 669 385 702 virtus
412 673 562 702 constans
589 671 752 713 cordibus,

204 717 374 749 Illustrata
400 714 464 761 (tu)
493 719 686 752 caelestibus

205 765 390 806 Ornataque
415 766 598 801 monilibuS.

170 854 177 860 .
204 828 256 860 Ex
282 828 344 860 hac
368 829 464 860 stella
488 829 596 862 oriens

207 875 262 908 Sol
288 876 378 909 venit
401 877 466 909 iam
490 886 549 909 nos
574 878 745 923 luminans,

205 924 266 963 Qui
292 934 455 965 nunquam
481 925 544 957 erit
568 926 731 969 occidens,

206 972 271 1005 Sed
295 981 424 1014 semper
449 982 508 1005 nos
534 973 727 1018 clarificans,

868 228 901 261 8.
929 227 979 261 Tu
1006 237 1038 260 es
1066 227 1231 269 formaque
1257 228 1369 270 figura,

928 276 1026 309 Cuius
1054 285 1150 309 causa
1176 285 1233 308 nos
1258 277 1433 320 salvemur,

927 323 976 355 Tu
1001 332 1034 356 es
1062 325 1159 368 clara,
1187 328 1309 365 sancta,
1336 334 1429 366 pura,

926 371 1001 403 Tibi
1026 381 1136 404 omnes
1163 373 1427 414 contemplemur,

927 419 1003 452 Tibi
1028 420 1071 451 sit
1097 420 1137 452 de
1164 420 1256 453 nobis
1283 430 1370 464 cura,

928 466 973 499 Ut
1006 468 1149 508 peccatis
1174 478 1239 500 non
1266 469 1464 502 damnemur.

892 553 899 561 .
926 529 1017 561 Haec
1043 530 1177 571 virginis
1204 531 1372 571 conceptio

926 576 1062 609 Parabit
1086 577 1178 610 nobis
1204 579 1367 619 gaudium,

926 624 1076 657 cessabit
1100 626 1164 658 iam
1189 625 1335 669 afflictio,

927 673 1122 706 Vocabimur
1146 674 1187 707 ad
1214 674 1400 715 prandium,

924 721 986 753 Est
1012 721 1166 762 nobisque
1191 723 1338 763 salvatio,

925 768 1074 802 Reducat
1097 779 1155 802 nos
1181 771 1223 803 ad
1248 771 1439 811 praemium.

891 858 898 865 .
925 833 1017 866 Istud
1043 832 1159 865 festum
1187 833 1396 877 celebremus,

926 881 994 921 Quo
1020 882 1106 913 salus
1132 884 1182 913 est
1205 881 1423 925 credentibus,

923 928 991 961 Nos
1018 931 1192 972 cantemus,
1217 929 1389 962 iubilemus

923 977 960 1009 In
987 977 1119 1010 vocibus
1145 977 1344 1018 sonantibus,

924 1024 1076 1056 Sanctum
1102 1024 1219 1057 festum
1245 1034 1303 1057 nos
1323 1025 1463 1058 colemus

926 1071 1093 1104 Continuis
1119 1073 1331 1112 temporibus.

204 1020 272 1052 Nos
300 1021 362 1052 erit
388 1021 486 1053 corde
512 1021 650 1062 diligens

202 1068 247 1100 Et
272 1077 330 1101 nos
356 1078 374 1100 a
399 1072 502 1101 morte
526 1069 681 1104 liberans,

454 1132 510 1164 11.
538 1131 642 1163 Tuum
668 1131 786 1164 festum
812 1133 1042 1165 celebrandum

537 1179 576 1211 In
601 1182 714 1212 nostra
739 1180 782 1212 sit
805 1181 971 1223 memoria,

536 1226 602 1259 Sed
628 1228 808 1271 colendum,
836 1229 1065 1270 venerandum,

539 1274 759 1308 Gaudebimus
785 1276 933 1320 victoria,

537 1322 748 1364 Diligendum
773 1325 827 1365 sit,
854 1325 1040 1367 amandum,

540 1370 608 1403 Nos
636 1371 754 1404 erimus
780 1373 814 1405 in
839 1373 955 1420 gloria.

208 1429 233 1464 6,
250 1430 267 1459 6
287 1432 459 1469 Ornataque
479 1432 642 1460 nobilibus.
657 1448 695 1453 —
715 1432 743 1466 7,
761 1431 776 1461 1
796 1432 871 1462 fehlt
891 1435 957 1462 eine
971 1434 1055 1462 Silbc
1076 1442 1124 1462 am
1139 1435 1201 1462 Vei:
1221 1444 1228 1464 ;
1250 1435 1305 1462 lies
1328 1435 1453 1472 hacque,

289 1526 335 1558 41.
377 1526 514 1566 Hymnus
539 1525 577 1557 de
601 1526 697 1558 beata
718 1527 751 1558 et
770 1526 914 1567 gloriosa
935 1527 992 1559 Dei
1012 1528 1176 1569 genetrice
1196 1528 1309 1560 Maria.

141 1587 174 1621 1.
202 1587 315 1628 Virgo,
342 1590 446 1619 mater
473 1587 605 1628 Christi,
632 1596 701 1627 ave,
839 1591 873 1622 4.
900 1589 949 1621 Tu
975 1598 1008 1621 es
1034 1590 1137 1622 honor
1162 1590 1348 1631 angelorum

200 1635 251 1668 Tu
276 1635 375 1676 plena.
401 1635 571 1678 sapientia,
899 1638 1008 1678 Atque
1034 1647 1152 1670 corona
1178 1638 1350 1682 virginum,

201 1683 306 1715 Nobis
333 1684 457 1715 cunctis
483 1683 567 1715 bene
592 1682 676 1727 fave,

201 1732 247 1765 Ut
269 1732 368 1764 simus
394 1732 427 1764 in
455 1732 636 1775 clementia,

203 1780 336 1813 Caelum
362 1780 454 1820 aperi
481 1789 552 1812 cum
579 1781 680 1822 clave,

198 1828 283 1861 Nam
310 1832 360 1861 est
384 1829 419 1861 in
445 1833 478 1861 te
503 1829 659 1869 potentia.

138 1893 169 1925 2.
198 1894 249 1926 Tu
277 1901 311 1924 es
338 1894 461 1933 sancta,
488 1901 605 1933 magua
634 1892 730 1925 radix
839 1896 872 1928 5.
900 1894 1023 1928 Christi
1046 1895 1194 1936 genetrix
1220 1895 1348 1939 decora,

196 1941 243 1974 Et
267 1941 455 1982 angelorum
481 1940 621 1983 domina,
896 1943 949 1975 Ex
974 1952 1037 1984 qua
1062 1944 1174 1976 mundi
1199 1944 1256 1976 lux
1281 1948 1330 1977 est
1356 1947 1438 1989 orta,

197 1990 247 2022 Tu
274 1998 307 2022 es
334 1998 433 2029 super
459 1992 592 2021 cunctas
618 1989 764 2031 grandis,
897 1991 1002 2024 Tuum
1028 1990 1130 2024 filium
1156 2002 1266 2034 exora,

195 2038 252 2071 Ad
276 2038 380 2071 Deum
407 2046 522 2078 preces
548 2038 682 2079 semina,
896 2040 946 2072 Tu
972 2049 1006 2072 es
1032 2040 1150 2079 lumen,
1179 2042 1260 2073 caeli
1286 2044 1391 2085 porta,

195 2087 424 2120 Recondamur
449 2090 524 2119 tuae
550 2087 666 2130 laudis,
894 2088 996 2121 Nobis
1022 2090 1177 2122 auxilium
1202 2090 1351 2133 implora,

195 2137 276 2170 Cum
302 2135 373 2168 Deo
398 2138 491 2176 potes
517 2135 634 2169 omnia.
896 2133 969 2182 [Ut]
987 2146 1077 2169 mens
1095 2141 1207 2170 nostra
1224 2147 1288 2170 non
1301 2138 1345 2170 sit
1358 2141 1455 2172 torta.

134 2199 167 2232 3.
194 2199 244 2231 Tu
272 2196 336 2243 [es]
365 2199 466 2241 virgo,
493 2201 598 2230 mater
623 2199 746 2232 Christi
834 2201 866 2233 6.
893 2200 943 2232 Tu
968 2209 1131 2242 reverens,
1158 2200 1334 2233 oboediens

194 2247 244 2280 Tu
269 2256 355 2289 rosa,
381 2245 441 2280 flos
467 2251 500 2279 et
525 2246 639 2286 lilium,
894 2249 1102 2288 Honestaque
1128 2249 1258 2291 pudica,

194 2296 310 2329 Portas
335 2295 434 2328 inferi
460 2295 604 2336 pandisti
892 2296 943 2328 Tu
969 2297 1135 2328 continens
1162 2300 1195 2329 et
1219 2297 1401 2339 abstinens,

191 2344 258 2377 Per
283 2348 372 2378 tuum
399 2349 546 2377 sanctum
572 2343 684 2385 filium,
893 2344 1015 2376 Nostra.
1042 2354 1195 2386 armaque
1220 2346 1334 2387 lorica,

193 2393 386 2426 carceratos
412 2392 595 2433 extra-xisti,
892 2392 941 2425 Tu
968 2396 1094 2435 potens,
1121 2403 1237 2435 magna
1261 2393 1394 2439 faciens,

191 2441 345 2474 Divinum
371 2451 404 2474 es
430 2442 598 2474 auxilium.
890 2441 940 2473 Tu
969 2440 1076 2474 fidelis
1104 2451 1137 2474 es
1163 2443 1277 2478 amica.

898 1686 949 1718 Tu
975 1694 1008 1718 es
1035 1686 1121 1718 salus
1148 1689 1356 1727 peccatorum

897 1734 943 1767 Et
967 1743 1079 1767 verum
1103 1735 1212 1767 lumen
1238 1735 1404 1779 luminum,

898 1783 948 1815 Tu
977 1791 1010 1815 cs
1037 1783 1142 1823 gloria
1166 1787 1361 1828 sanctorum,

898 1831 966 1863 Nos
991 1831 1067 1864 iuva
1092 1835 1168 1864 ante
1193 1833 1377 1866 terminum.
