1651 2700
699 138 957 174 —147—

543 275 590 306 69.
633 277 677 308 De
698 285 722 309 s.
744 278 897 312 illichaele
920 282 952 313 et
972 282 1113 323 Angelis.

176 370 208 404 1.
235 370 317 414 Ave,
348 372 492 405 Michael
517 373 621 418 beate,
872 381 904 413 3.
931 381 1011 422 Ave,
1038 382 1100 414 Dei
1126 384 1297 427 medicina,

283 419 342 459 Qui
370 429 403 452 es
428 421 490 453 Dei
515 423 655 463 nuntius,
978 430 1126 470 Raphael
1152 432 1310 476 amabilis,

233 467 318 500 Mihi
345 477 415 500 cum
442 469 642 511 benignitate
929 476 1033 509 Eleva
1060 488 1108 510 me
1135 479 1175 511 de
1200 481 1327 514 sentina

282 515 424 549 Subveni
449 518 620 560 propitius,
976 525 1092 558 Mundi
1118 528 1321 568 miserabilis,

234 563 357 596 Labem
383 565 500 598 mentis
525 566 712 607 inquinatae
929 571 1002 604 Non
1027 582 1078 605 me
1102 577 1227 607 torreat
1253 582 1388 617 coquina

281 612 376 644 Meae
403 613 475 645 dele
499 614 619 656 mitius,
976 619 1101 653 Inferni
1127 622 1304 665 horribilis,

235 660 390 692 Formam
417 661 504 693 vitae
529 661 599 695 Deo
624 666 736 704 gratae
930 669 966 700 In
992 668 1063 701 loco
1089 670 1179 709 pacis
1205 672 1328 704 reclina

283 708 334 741 Da
359 708 438 740 mihi
463 710 616 745 velocius.
976 716 1032 748 Me
1055 717 1315 755 interminabilis.

175 804 208 835 2.
235 805 316 845 Ave,
343 804 406 837 Dei
427 804 597 849 fortitudo,
869 812 901 843 4.
931 811 1009 850 Ave,
1037 814 1159 858 angele,
1189 815 1325 848 donatus

285 851 417 885 Gabriel
442 855 654 896 sanctissime,
976 860 1060 892 Mihi
1084 862 1301 905 singulariter,

236 900 347 932 Omnis
373 910 433 941 per
457 905 490 934 te
515 903 682 943 turpitudo
928 908 1039 940 Vivam
1068 918 1128 949 per
1152 913 1185 942 te
1212 911 1411 945 confortatus

283 947 334 980 Sit
357 959 378 981 a
403 958 454 981 me
477 950 673 992 longissime,
975 956 1013 988 In
1041 956 1123 989 bono
1150 958 1300 1001 feliciter,

232 995 278 1028 Et
303 996 345 1028 sit
370 997 449 1029 mihi
475 999 634 1033 claritudo
927 1004 958 1035 A
983 1002 1134 1037 nefandis
1160 1010 1328 1047 separatus

282 1044 403 1077 Famae
428 1046 673 1079 decentissimae
976 1051 1130 1085 Omnibus
1156 1053 1298 1087 finaliter

232 1092 340 1131 Atque
365 1093 441 1125 boni
466 1094 635 1134 plenitudo
926 1098 968 1130 In
994 1100 1154 1141 caelisque
1178 1111 1268 1134 meus
1294 1106 1396 1136 status

282 1138 593 1174 Sufficientissimae.
974 1145 1024 1178 Sit
1048 1145 1130 1181 felix
1154 1150 1350 1189 perenniter.

564 1239 595 1271 5.
620 1240 702 1279 Ave,
729 1240 832 1272 omnis
857 1241 1024 1274 beatorum

672 1288 697 1320 Ο
723 1288 819 1320 turba
844 1290 1025 1332 spirituum,

622 1336 745 1368 Favete
770 1337 848 1368 mihi
873 1341 1054 1371 vestrorum

671 1383 839 1417 Subventu
865 1390 1064 1426 precatuum,

623 1432 793 1473 Particeps
819 1434 1008 1467 vitiosorum

669 1479 719 1512 Ne
743 1480 818 1513 fiam
844 1485 1002 1524 reatuum,

620 1527 685 1560 Sed
710 1529 874 1561 vobiscum
900 1540 1111 1571 supernorum

668 1576 734 1608 Sim
761 1578 896 1611 conviva
922 1577 1095 1614 fructuum.

230 1667 255 1693 A
276 1667 325 1695 fol.
351 1666 402 1697 lb.
425 1683 462 1687 —
484 1668 541 1697 Cfr.
563 1670 648 1698 AnaL
673 1671 728 1704 ΠΙ,
752 1669 807 1699 178
828 1681 872 1708 sq.

609 1812 656 1843 70.
697 1812 741 1844 De
762 1814 871 1845 sancto
894 1814 1031 1847 Nicolao.

166 1909 198 1943 1.
226 1910 307 1953 Ave,
336 1911 538 1944 admirabilis
863 1918 894 1949 2.
920 1917 1002 1960 Ave,
1028 1919 1081 1958 qui
1108 1920 1260 1959 puellulis

223 1958 360 2000 Myreae
384 1969 402 1992 o
428 1960 558 1992 humilis
922 1965 1052 2008 Tribus,
1079 1976 1121 1999 ne
1145 1968 1336 2008 prostibulis

274 2007 407 2040 Praesul
434 2009 586 2053 civitatis,
970 2014 1107 2056 Dentur,
1135 2016 1332 2058 subvenisti,

216 2055 362 2099 Nicolae,
388 2057 509 2091 Patera
920 2063 1001 2096 Tres
1027 2064 1125 2097 solvis
1153 2065 1193 2097 de
1220 2074 1360 2111 carcere,

222 2104 269 2136 Te
292 2105 405 2148 gignit,
432 2106 510 2139 urbs
536 2106 642 2140 libera
920 2111 1027 2144 Duces
1054 2114 1165 2147 studes
1191 2114 1318 2147 solvere

267 2153 394 2186 Multae
420 2154 620 2199 honestatis,
969 2161 1049 2193 Tres
1077 2161 1118 2193 de
1142 2166 1246 2194 morte
1271 2163 1377 2207 tristi;

219 2201 357 2234 Deiecta
382 2201 523 2236 infantia
919 2208 1007 2241 Hinc
1031 2218 1083 2241 me
1108 2210 1171 2242 duc
1198 2211 1237 2242 de
1264 2211 1398 2244 crimine

221 2249 356 2283 Proficis
382 2250 415 2283 in
442 2252 548 2293 gratia
919 2256 962 2288 Et
989 2258 1029 2289 de
1055 2259 1288 2291 consuetudine

266 2298 406 2340 Magnae
431 2301 626 2339 sanctitatis,
964 2305 1055 2338 Mala
1081 2306 1165 2338 dono
1193 2306 1333 2349 Christi,

219 2346 308 2388 Ergo
334 2349 455 2381 sanctis
481 2349 606 2382 meritis
920 2354 969 2387 Ut
993 2362 1065 2386 mea
1089 2355 1249 2394 possessio

219 2395 299 2427 Tuis
326 2396 367 2428 de
392 2398 579 2437 praeteritis
920 2401 1068 2434 Christus
1093 2403 1138 2434 sit
1163 2406 1195 2435 et
1219 2404 1337 2447 portio,

267 2443 324 2476 Me
349 2445 439 2477 solve
464 2447 619 2486 peccatis.
967 2450 1027 2489 Da,
1055 2460 1148 2492 quem
1173 2453 1359 2493 possedisti.

1247 2508 1308 2539 10*
