1651 2700
683 152 726 156 —
780 134 847 169 129
900 156 944 160 —

556 229 587 260 5.
614 229 695 271 Ave,
724 230 778 269 qui
802 233 972 271 perimeris

659 276 738 309 Cum
764 278 924 321 illusione,

609 324 696 356 Hinc
722 325 837 366 dignus
865 327 1004 362 efficeris

658 371 813 406 Caelestis
841 384 988 418 coronae,

606 418 683 460 Fac,
710 429 752 452 ne
776 431 904 465 mergar
928 424 1042 458 inferis

656 467 732 500 Cum
760 469 958 512 confusione,

611 514 676 548 Sed
701 517 807 549 vivam
834 523 871 552 ut
896 521 1023 560 superis

653 563 782 608 Tecum,
812 570 937 607 martyr
962 568 1055 602 bone.

216 613 243 640 A
264 614 314 641 fol.
338 612 407 643 llb.

582 702 632 734 40.
674 703 716 735 De
736 707 845 737 sancto
867 706 1026 747 Dionysio.

151 758 181 791 1.
210 758 292 802 Ave,
320 770 413 793 sacer
437 762 585 805 Dionysi,
850 770 882 802 3.
909 770 990 810 Ave,
1018 771 1162 812 antistes,
1189 773 1346 813 probatus

258 808 318 848 Qui
343 807 439 842 flores
465 812 611 855 scientia,
957 818 1019 858 Qui
1044 828 1077 851 es
1102 829 1162 860 per
1184 821 1344 861 incendia,

209 854 304 887 Nunc
326 857 459 890 laetaris
486 862 631 899 paradisi
908 866 1033 907 Ignitae
1058 866 1183 900 fornaci
1211 869 1304 901 datus

258 904 344 937 Vera
369 906 540 950 sapientia,
953 914 1073 955 Fulges
1097 918 1266 957 patientia,

207 952 332 984 Amant
357 962 469 987 sensus
493 957 557 987 mei
583 958 646 989 nisi
904 962 975 994 Tua
999 972 1096 1002 prece
1122 963 1321 998 confortatus

257 999 370 1033 Carnis
395 1003 494 1034 stulte
517 1004 606 1048 vitia,
952 1010 1087 1051 Sumpta
1112 1013 1270 1051 patientia

204 1047 285 1080 Ideo
311 1049 435 1092 trahor,
459 1051 537 1083 mihi
561 1053 588 1084 si
903 1058 1078 1099 Gaudeam,
1110 1068 1151 1091 ne
1178 1061 1367 1100 desperatus

253 1095 360 1137 Desis,
388 1098 430 1130 ad
457 1100 627 1139 supplicia.
948 1105 1092 1138 Incidam
1119 1108 1288 1147 supplicia,

140 1161 172 1194 2.
202 1163 283 1206 Ave,
312 1166 416 1204 pater,
444 1166 498 1205 qui
524 1164 654 1208 flagella
839 1172 871 1204 4.
898 1172 980 1212 Ave,
1008 1171 1162 1214 fatigatus
1187 1175 1262 1215 igne

249 1210 323 1242 Diri
346 1210 460 1244 suffers
485 1214 642 1258 verberis,
946 1219 1065 1252 Bestiis
1091 1221 1239 1263 obicem,

201 1257 374 1291 Delitescis
402 1263 434 1292 et
458 1261 491 1293 in
519 1263 601 1294 cella
897 1267 961 1299 Dei
987 1276 1056 1300 cum
1081 1269 1125 1301 sis
1150 1280 1208 1303 vas
1234 1272 1370 1313 insigne,

245 1305 337 1338 Duri·
355 1308 482 1341 clausus
509 1311 657 1355 carceris,
944 1315 1017 1347 Non
1043 1317 1083 1349 ab
1108 1318 1189 1358 ipsis
1213 1320 1366 1360 laederis,

196 1354 227 1385 A
254 1363 304 1386 me
329 1364 426 1395 prece
451 1360 508 1390 tua
533 1357 612 1390 fella
897 1362 1022 1396 Larvae
1048 1364 1173 1406 fugient
1196 1368 1357 1408 malignae

245 1402 338 1435 Rade
363 1405 425 1436 mei
451 1406 595 1448 sceleris,
942 1412 1008 1453 Me,
1035 1413 1063 1444 si
1088 1423 1139 1446 me
1165 1417 1358 1457 protexeris,

194 1450 315 1484 Anima
339 1461 412 1484 mea
439 1455 540 1486 asella
893 1459 981 1502 Ergo
1007 1470 1160 1494 succurre
1187 1463 1325 1504 benigne

244 1498 294 1530 Ne
316 1500 360 1532 sit
384 1501 486 1534 hostis
515 1504 644 1538 veteris.
941 1508 1036 1550 Mihi,
1063 1510 1145 1542 sicut
1171 1513 1291 1552 poteris

470 1571 500 1602 5.
528 1571 609 1611 Ave,
636 1574 711 1611 post
735 1576 870 1605 mortem
898 1577 1081 1609 truncatum

575 1618 680 1658 Caput
704 1625 868 1661 sumptum
895 1624 1043 1656 manibus

527 1665 644 1699 Defers
670 1669 784 1709 angelo
813 1671 964 1703 ducatum

571 1714 680 1747 Dante
705 1717 768 1749 tuis
794 1719 971 1760 gressibus,

524 1763 555 1793 A
578 1772 629 1794 me
656 1764 813 1798 detrunca
838 1770 1008 1806 peccatum

571 1811 650 1844 Tuis
675 1816 796 1845 sanctis
821 1815 976 1854 precibus

522 1858 612 1891 Dans
634 1860 668 1892 in
694 1862 793 1894 caelis
819 1863 925 1895 locum
952 1868 1078 1905 gratum

569 1908 653 1940 Mihi
680 1918 750 1941 cum
778 1911 983 1946 caelestibus.

190 1950 216 1978 A
239 1950 290 1979 fol.
312 1949 366 1979 212.

552 2038 595 2070 41.
640 2040 680 2071 De
701 2043 814 2073 sancta
833 2043 1011 2077 Elisabeth.

125 2099 155 2131 1.
182 2098 265 2139 Ave,
292 2099 379 2140 regis
405 2099 484 2141 filia,
825 2107 857 2138 2.
883 2108 966 2151 Ave,
994 2117 1075 2148 quae
1100 2110 1142 2142 ad
1167 2119 1327 2150 pauperes

231 2147 403 2180 Elisabeth
431 2149 495 2189 dia,
930 2155 1014 2188 Eras
1037 2157 1194 2199 liberaliS‚

182 2196 271 2236 Quae
294 2199 371 2237 post
395 2197 548 2229 Marthae
574 2199 683 2231 studia
880 2203 926 2235 Es
954 2203 1051 2248 facta,
1077 2208 1114 2237 ut
1138 2207 1286 2239 vinceres

228 2244 333 2277 Facta
359 2254 392 2277 es
418 2245 537 2287 Maria,
928 2252 1098 2292 Mundum,
1125 2263 1251 2295 pauper
1276 2255 1362 2296 talis,

179 2291 286 2325 Huius
312 2294 425 2326 mundi
453 2294 553 2326 dubia
880 2299 932 2331 Ne
955 2309 1073 2341 sequar
1100 2302 1285 2343 degeneres,

228 2340 279 2373 Ne
304 2340 402 2374 fallar
427 2342 461 2374 in
490 2343 550 2385 via,
929 2347 995 2381 Sed
1020 2350 1081 2381 sim
1107 2351 1277 2392 spiritalis,

179 2388 236 2421 Me
263 2390 326 2422 duc
351 2391 393 2423 ad
419 2391 575 2424 caelestia
881 2396 966 2428 Mihi
989 2395 1114 2431 fructus
1141 2400 1257 2432 uberes

229 2437 300 2470 Tua
325 2447 424 2478 prece
447 2439 513 2479 pia.
929 2444 982 2477 Da
1009 2445 1130 2480 Christi
1155 2448 1214 2481 sub
1241 2449 1313 2482 aliS.

161 2495 184 2519 D
194 2503 208 2519 1·
214 2503 229 2519 e
236 2503 254 2519 v
260 2503 274 2519 e
281 2502 306 2526 s,
325 2496 493 2521 christanus
512 2498 745 2529 campoliliensis.
1252 2503 1269 2532 9
