1651 2700
372 273 580 308 Responsoria.

180 332 212 365 1.
239 332 335 373 Ecce,
361 330 531 362 luminaria

237 379 309 412 Duo
335 379 368 411 hi
395 378 531 418 egregia,

283 427 391 459 Simon
417 434 487 457 cum
512 424 696 465 Thaddaeo‚

238 474 352 507 Orbem
381 473 421 505 de
446 473 581 513 caligine

238 522 360 562 Culpae
385 521 521 560 solvunt,
548 520 667 551 lumine

283 569 397 601 Ditant
419 567 568 608 iubilaeo,

165 618 205 651 V.
242 617 340 650 Plura
364 615 514 648 bestialia

237 665 300 697 Per
321 664 474 696 virtutum
500 662 607 694 studia

283 710 437 743 Reddunt
462 710 560 741 eorda
583 709 662 742 Deo.

179 789 210 823 2.
236 787 288 820 De
313 787 473 818 cuiusdam
498 785 566 817 filia

235 834 335 867 Ducis
363 834 403 865 de
426 833 554 865 luxuria

283 881 396 914 Proles
421 884 601 921 generatur,

235 928 350 961 Levita
375 928 572 960 castissimae

235 976 333 1008 Vitae
356 976 395 1008 ob
418 976 479 1007 hoc
502 975 640 1015 pessime

283 1024 438 1055 1nnocens
466 1023 651 1064 damnatur3

161 1072 202 1104 V.
236 1071 402 1103 Excusant
425 1070 572 1110 apostoli,

236 1118 419 1150 Tabescunt
441 1117 601 1150 malevoli*

289 1165 403 1196 Levita
428 1165 579 1196 salvatur.

179 1242 211 1274 3.
237 1240 456 1280 Quadraginta
479 1239 567 1270 milia

241 1287 358 1327 Spreta
381 1287 532 1319 idolatria

285 1335 353 1367 Deo
380 1334 596 1376 crediderunt,

243 1383 315 1415 Suis
340 1381 451 1414 fractis
477 1381 590 1413 statuis

240 1430 437 1469 Relictisque
460 1429 567 1461 vacuis

288 1477 467 1509 Daemones
493 1475 652 1516 fugerunt,

166 1524 205 1556 V.
240 1524 444 1564 Templorum
471 1522 647 1565 pontifices,

241 1571 353 1604 Canini
379 1570 551 1610 carnifices,

290 1619 423 1651 Sanctos
443 1620 672 1651 mactaverunt.

336 1744 378 1775 In
404 1743 633 1776 Laudibus

382 1818 504 1855 Antiphc
510 1826 578 1846 nae.

182 1878 214 1912 1.
243 1877 376 1909 Sanctos
401 1878 480 1908 istos
505 1876 660 1908 Dominus

289 1925 400 1957 Induit
426 1924 550 1964 decore,

244 1974 382 2011 Quorum
407 1972 611 2004 nihilominus

292 2019 378 2052 Laus
405 2023 453 2051 est
475 2020 509 2051 in
533 2019 664 2052 honore.

182 2097 214 2130 2.
241 2097 279 2129 In
306 2099 509 2136 conspectum
534 2095 665 2127 Domini

296 2143 371 2176 Cum
398 2144 469 2175 istis
491 2144 647 2175 intremus

243 2192 413 2231 Ipsiusque
435 2191 554 2223 nomini

291 2239 420 2271 Laudes
445 2239 624 2272 iubilemuS.

184 2316 216 2349 3.
244 2316 358 2356 Iniqua
381 2316 578 2357 loquentium

292 2364 357 2396 Ora
382 2364 611 2397 obstruxerunt

240 2412 284 2445 Et
310 2412 358 2444 sic
383 2412 464 2444 caeli
491 2412 606 2445 civium

294 2459 433 2493 Chorum
457 2461 668 2494 intraverunt.

794 171 934 207 84-

860 270 892 302 4.
918 267 988 300 Deo
1014 263 1205 306 benedicite²

967 314 1106 355 Spiritus
1131 312 1299 353 iustorum,

918 363 982 396 Ora
1007 361 1096 394 laudi
1120 360 1236 392 solvite

967 411 1022 444 Sic
1045 408 1272 449 apostolorum.

860 509 891 541 5.
919 505 1078 540 cordibus
1104 508 1137 536 et
1160 502 1293 535 vocibus

968 553 1047 586 Cum
1072 552 1143 584 istis
1168 549 1349 592 praecelsis

916 602 1112 634 Attollamus
1137 598 1289 631 laudibus

965 649 1069 681 Deum
1093 648 1125 679 in
1154 646 1300 679 excelsis.

1031 741 1076 770 Ad
1095 740 1281 769 Benedictus.

846 803 886 837 A.
921 800 1116 834 Benedictus
1141 799 1256 837 oriens,

968 848 1071 880 Verae
1094 847 1175 878 lucis
1201 848 1300 885 sator,

920 895 1021 928 Cruce
1045 894 1137 926 nobis
1159 893 1312 934 moriem,

965 945 1076 975 Aevae
1098 942 1185 974 vitae
1211 941 1315 983 dator,

964 990 1102 1022 Virtutis
1126 991 1258 1031 amator,

916 1038 978 1070 His
1002 1035 1274 1069 intercedentibus

919 1085 970 1118 Sis
997 1085 1088 1116 nobis
1111 1083 1316 1123 precantibus

966 1132 1080 1164 Dulcis
1107 1131 1297 1163 consolator.

1041 1266 1114 1297 Per
1139 1263 1284 1297 Horas

1063 1359 1109 1386 Ad
1128 1359 1266 1385 Primam.

848 1430 890 1463 A.
924 1428 1138 1460 Devas‘tantes
1164 1427 1273 1458 vineas

968 1475 1089 1515 Vulpes
1114 1474 1338 1515 propulerunt,

923 1523 1137 1556 Gorrodentes
1162 1522 1265 1553 tineas

971 1570 1078 1602 Corda
1102 1572 1332 1602 mactaverunt.

1061 1664 1106 1692 Ad
1125 1665 1267 1691 Tertiam.

850 1724 889 1756 A.
923 1724 1028 1764 Digne
1052 1723 1085 1754 in
1110 1722 1294 1754 memoriam

968 1771 1141 1803 Hominum
1166 1772 1344 1813 vertuntur,

924 1818 1012 1851 Caeli
1039 1818 1133 1859 digne
1156 1818 1297 1859 patriam

973 1866 1034 1906 Qui
1058 1866 1291 1906 ingrediuntur.

1069 1960 1115 1987 Ad
1135 1959 1264 1987 Sextam.

852 2021 892 2053 A.
918 2019 980 2051 Isti
1004 2019 1088 2050 sicut
1112 2018 1180 2050 lilia

974 2066 1127 2099 Germina
1152 2066 1312 2098 dederunt

922 2114 968 2146 Et
988 2115 1022 2146 in
1048 2114 1129 2146 caeli
1155 2114 1244 2146 curia

974 2161 1113 2194 Fructus
1138 2163 1354 2203 protulerunt.

1071 2257 1117 2285 Ad
1134 2258 1266 2285 Nonam.

852 2316 894 2349 A.
928 2315 1000 2347 Poli
1023 2316 1125 2348 iuncti
1150 2316 1273 2350 civibus

973 2364 1072 2404 Apud
1097 2373 1203 2406 regem
1231 2365 1312 2397 caeli

926 2412 1028 2445 Prece
1051 2413 1143 2445 nobis
1169 2413 1315 2446 omnibus

976 2461 1173 2494 succurrant
1197 2461 1297 2495 fideli.
