1651 2700
695 136 951 172 —115—

187 226 223 257 2.
248 225 407 268 Maria,
435 237 516 269 quae
543 230 672 262 <lomina

299 273 345 306 Es
371 276 603 322 universorum,

249 321 349 355 Placa
375 333 434 364 per
459 326 645 365 precamina

298 371 420 412 Regem
445 382 668 414 supernorum,

248 418 343 462 Dele,
371 423 461 461 terge
488 422 623 454 crimina

295 467 436 500 Tuorum
463 478 638 509 servorum,

250 514 364 548 Scribe
389 519 501 550 nostra
527 518 656 550 nomina

297 563 336 595 Iu
363 565 451 597 caelo
477 566 649 599 caelorum.

184 677 218 709 3.
247 677 400 711 Gratia
425 677 599 722 sufficiens,

295 726 385 759 Caeli
411 727 583 770 ierarchia,

245 773 384 807 Miseros
407 775 565 821 reficiens,

294 822 419 866 Dulcis,
446 825 537 869 lenis,
569 826 634 869 pia,

245 869 292 901 Te
317 873 412 903 vocat
438 872 601 915 deficienS,

292 918 376 951 Dum
405 921 493 952 cadit
515 921 549 953 in
576 922 637 965 via,

244 966 298 998 Ad
324 969 356 998 te
383 968 501 1001 clamat
525 969 647 1011 sitiens,

294 1013 318 1045 Ο
347 1015 449 1047 dulcis
474 1016 591 1050 Maria.

178 1128 214 1161 4.
242 1127 378 1161 Plena
405 1130 496 1162 donis
521 1132 653 1176 gloriae,

289 1175 431 1220 Gratiae,
458 1181 593 1211 naturae

240 1222 296 1265 Es,
322 1227 358 1256 ut
384 1225 496 1258 dicunt
520 1227 610 1259 varie

288 1271 390 1313 Leges
417 1276 450 1305 et
474 1276 665 1317 scripturae,

238 1318 304 1351 Fer
329 1320 486 1354 humanae
513 1324 642 1356 sauciae

288 1368 389 1408 Opem
416 1373 593 1412 creaturae,

237 1415 282 1448 Ut
307 1417 350 1449 sit
374 1417 468 1450 heres
494 1420 620 1459 patriae

286 1463 457 1505 Nunquam
484 1468 691 1504 transiturae.

173 1579 206 1614 5.
235 1579 439 1614 Dominus
465 1585 498 1615 te
523 1584 668 1616 vestibus

279 1629 390 1661 Induit
416 1629 544 1664 decoris

231 1675 276 1708 Et
301 1678 512 1711 varietatibus

283 1725 375 1757 Vitae
399 1727 552 1771 purioris,

228 1772 291 1813 Da,
319 1776 355 1805 ut
379 1774 483 1814 ipsum
511 1777 661 1816 passibus

278 1821 457 1862 sequamur
482 1825 611 1869 amoris,

230 1870 329 1903 Salva
352 1880 372 1903 a
397 1871 563 1905 laboribus

275 1918 412 1951 Aeterni
439 1921 571 1954 doloris.

161 2034 195 2067 6.
223 2035 376 2068 Tecum
402 2045 513 2077 regum
542 2038 699 2080 dominus,

269 2084 294 2117 O
322 2083 400 2116 felix
426 2086 548 2127 puella,

220 2131 285 2165 Gur
310 2142 368 2165 nos
394 2131 480 2174 fugis
507 2135 639 2180 eminus,

268 2182 352 2221 Quos
380 2182 540 2214 collidunt
565 2183 675 2217 bella‘?

219 2228 311 2273 Veni,
338 2230 412 2262 veni
439 2231 625 2276 comminus,

265 2277 361 2310 Stilla
386 2279 476 2318 pacis
501 2280 608 2321 mella,

216 2325 316 2358 Salva
340 2326 549 2360 nihilominus

266 2374 383 2407 Mortis
409 2385 429 2408 a
455 2377 610 2417 procella.

886 235 917 267 7.
945 236 1210 278 Benedicta,
1238 238 1342 271 lilium

993 285 1080 325 Quae
1106 294 1140 317 es
1166 286 1336 329 castitatis,

945 331 1029 364 Veni
1052 333 1086 364 in
1112 334 1265 366 auxilium

994 379 1096 412 Nobis
1123 381 1186 413 tuis
1211 383 1307 423 natis,

945 426 1049 459 Vince
1074 431 1163 461 tuum
1187 429 1289 462 filium

994 475 1095 508 Prece
1118 477 1261 519 pietatis,

945 521 990 554 Ut
1015 526 1089 562 post
1113 524 1174 556 hoc
1199 526 1347 558 exsilium

992 569 1099 603 Simus
1126 581 1197 604 cum
1222 573 1336 607 beatiS.

880 685 912 718 8.
940 685 999 718 Tu
1022 687 1055 718 in
1080 688 1266 721 mulieribus

988 733 1065 767 Sola
1092 744 1207 776 expers
1232 738 1332 780 paris,

940 782 1068 815 Clarior
1093 784 1253 817 sideribus

988 830 1091 863 Stella
1116 832 1216 864 solem
1241 833 1341 874 paris,

939 879 1026 918 Quae
1051 888 1130 919 prae
1156 881 1275 913 sanctis
1298 882 1444 915 omnibus

987 926 1064 959 Plus
1089 928 1266 969 auxiliaris,

937 973 1038 1014 Iunge
1064 976 1144 1007 caeli
1169 976 1291 1008 civibus

986 1021 1064 1062 Nos,
1091 1032 1109 1054 0
1135 1024 1231 1055 stella
1256 1025 1364 1057 maris.

874 1136 905 1167 9.
931 1136 1198 1170 Benedictus
1224 1138 1309 1172 filius

979 1184 1077 1225 Tuus,
1105 1195 1123 1217 0
1149 1190 1285 1230 sacrata,

932 1231 1052 1264 Nostra
1078 1233 1118 1265 ob
1145 1237 1178 1266 te
1203 1235 1311 1267 mitius

980 1279 1137 1321 Detergat
1161 1287 1305 1326 peecata,

932 1327 1148 1361 Conculcetur
1174 1329 1290 1364 fortius

978 1376 1090 1409 Passio
1117 1378 1239 1419 innata,

928 1423 1056 1457 Dentur
1080 1426 1173 1458 nobis
1200 1436 1288 1460 oclus

977 1471 1104 1506 Gaudia
1125 1474 1232 1508 beata.

843 1586 898 1621 10.
925 1587 1113 1621 Fructus
1140 1594 1223 1633 tuus,
1251 1593 1342 1634 regia

972 1635 1074 1677 Virgo
1101 1641 1134 1670 et
1160 1639 1287 1679 decora,

925 1684 1043 1716 Veniat
1069 1686 1110 1718 de
1135 1688 1224 1728 regia

972 1733 1045 1765 Poli
1070 1734 1193 1775 absque
1217 1746 1318 1782 mora,

923 1780 1018 1813 Dona
1045 1782 1099 1814 det
1126 1792 1197 1815 cum
1224 1786 1319 1818 venia

972 1829 1074 1862 Nobis
1100 1832 1243 1872 gratiora

922 1877 994 1909 Tua.
1017 1887 1077 1918 per
1099 1879 1262 1924 suffragia,

969 1926 1117 1960 Rutilans
1143 1938 1270 1964 aurora.

836 2041 891 2076 11.
921 2042 1095 2076 Ventris
1122 2046 1169 2077 tui
1195 2047 1309 2080 solium

967 2091 1114 2124 Christus
1140 2103 1210 2126 cum
1237 2095 1368 2137 subivit,

916 2139 993 2172 Reis
1014 2141 1049 2172 in
1074 2140 1234 2182 refugium

966 2188 1008 2221 Se
1034 2190 1123 2222 caeni
1149 2190 1262 2234 univit,

917 2235 1037 2268 Contra
1062 2246 1121 2269 nos
1150 2238 1353 2271 daemonium

965 2283 1118 2317 Saeviens
1147 2286 1299 2319 contrivit

915 2331 959 2363 Et
985 2335 1097 2364 contra
1123 2334 1255 2366 exitium

964 2379 1031 2412 Nos
1056 2389 1117 2420 per
1141 2385 1174 2414 te
1199 2384 1345 2418 munivit.

1237 2438 1279 2469 8*
