1651 2700
606 575 627 606 1.
657 575 701 607 De
722 575 926 608 sanctissima
947 576 1112 608 Trinitate.

209 655 240 688 1.
270 654 349 695 Ave,
376 657 470 695 pater
496 656 633 688 omnium

315 702 434 735 Rerum
463 707 675 746 causatarum‚

266 748 406 783 Fontale
432 751 626 792 principium

313 798 359 830 Et
382 798 456 831 finis
480 800 636 843 ipsarum,

267 846 315 878 Tu
341 856 484 879 mearum
511 849 655 881 sordium

314 894 359 927 Et
382 895 585 928 miseriarum

265 942 454 985 Mundator,
484 944 526 976 da
552 944 693 976 dulcium

314 990 452 1024 Fontem
478 991 695 1025 lacrimarum.

206 1075 238 1107 2.
265 1073 347 1113 Ave,
375 1073 504 1112 plenum
531 1074 635 1114 gratia

310 1120 453 1152 Verbum
478 1122 691 1161 incarnatum,

260 1169 300 1201 In
326 1177 398 1200 mea
423 1169 578 1201 memoria

308 1216 433 1257 Iugiter
458 1216 501 1248 sis
527 1220 665 1257 gratum,

259 1264 290 1296 A
315 1272 367 1295 me
392 1262 468 1305 fuga
494 1265 560 1297 otia

308 1312 354 1344 Et
379 1321 472 1344 omne
496 1315 676 1354 peceatum,

261 1359 318 1392 Me
339 1364 445 1392 tecum
470 1360 504 1392 in
530 1361 636 1401 gloria

310 1407 475 1441 Gaudeam
502 1409 652 1441 locatum.

905 659 936 690 3.
963 657 1044 697 Ave,
1072 660 1182 690 sancte
1204 658 1348 699 spiritus,

1011 705 1121 738 Omnis
1146 705 1222 738 boni
1250 706 1353 743 dator*

964 753 1106 793 Imploro
1129 754 1315 786 medullitus

1010 802 1057 834 Te
1084 810 1140 842 ego
1166 805 1325 845 peccator,

962 850 1013 882 Ne
1039 859 1089 881 me
1107 850 1338 890 incompositus

1013 899 1111 930 Voret
1136 898 1248 930 mortis
1273 898 1369 936 lator,

961 946 1043 978 Veni
1070 945 1148 977 mihi
1175 946 1318 988 caelitus,

1009 994 1085 1025 Pius
1112 994 1304 1027 consolator.

927 1101 933 1107 .
960 1075 1042 1113 Ave,
1069 1072 1148 1106 felix
1174 1074 1280 1105 unitas

1006 1121 1043 1153 In
1069 1121 1174 1153 tribus
1200 1122 1358 1164 personis,

959 1168 1054 1200 Desit·¹
1079 1169 1157 1200 mihi
1182 1168 1322 1202 foeditas

1006 1217 1071 1249 Per
1096 1219 1129 1248 te
1152 1217 1340 1257 Babylonis,

958 1264 1124 1297 Abscedat
1150 1265 1307 1298 severitas

1007 1312 1089 1344 Dira
1114 1313 1275 1353 aquilonis

957 1361 1012 1392 Me
1040 1361 1094 1393 det
1118 1361 1237 1393 laetum
1264 1361 1391 1394 bonitas

1007 1410 1081 1441 Veri
1108 1408 1300 1442 Salomonis.

594 1491 626 1522 5.
653 1491 733 1530 Ave,
758 1492 870 1521 sancta
896 1490 1037 1527 trinitas,

699 1537 790 1571 Unus
815 1540 925 1570 tamen
950 1537 1051 1579 Deus,

649 1586 771 1627 Fugiat
795 1595 848 1618 me
872 1586 1031 1630 pravitas,

697 1634 747 1666 Tu
773 1634 817 1666 sis
840 1644 930 1666 amor
957 1643 1057 1677 meus,

650 1683 741 1715 Assit
766 1682 845 1714 mihi
872 1682 1011 1725 puritas,

700 1730 750 1762 Ne
775 1731 836 1763 sim
860 1731 948 1763 ultra
971 1739 1057 1771 reus,

651 1779 717 1811 Sim
743 1787 883 1819 semper,
911 1788 929 1811 ο
956 1778 1099 1819 trinitas,

698 1827 737 1859 In
761 1830 795 1859 te
821 1827 990 1861 iubilaeuS.

264 1899 291 1926 A
310 1898 361 1926 fol.
385 1896 435 1927 lb.
458 1913 495 1918 —
515 1898 578 1927 Aus
603 1898 732 1927 anderen
753 1899 879 1933 Quellen
900 1899 1010 1927 bei-aits
1031 1898 1118 1926 Anal.
1139 1899 1195 1933 ΠΙ,
1219 1897 1282 1927 172.

199 2096 231 2128 1.
259 2095 341 2136 Ave,
367 2096 463 2134 pater
489 2095 630 2127 omnium

307 2143 413 2176 Causa
439 2146 655 2184 causatorum,

258 2191 320 2233 Tu,
348 2200 419 2223 cum
444 2191 702 2232 promptuarium

305 2239 357 2272 Sis
384 2239 620 2278 universorum,

255 2287 387 2321 Morum
411 2288 492 2320 mihi
518 2288 662 2321 studium

306 2335 426 2371 Confer
451 2337 670 2380 honestorum,

259 2384 311 2417 Ne
339 2385 543 2426 constringar
569 2385 711 2418 hostium

306 2433 401 2465 Loris
428 2432 640 2467 funestorum.

741 2013 768 2044 2.
800 2013 842 2045 De
862 2013 968 2045 Patre.

900 2097 933 2127 2.
959 2095 1042 2137 Ave,
1068 2097 1163 2134 pater
1189 2094 1309 2126 caelica

1007 2142 1170 2183 spargens
1197 2142 1320 2174 cunctis
1348 2143 1441 2186 dona,

957 2191 1006 2223 Tu
1034 2190 1163 2231 quidem
1188 2189 1325 2222 mirifica

1008 2239 1105 2271 Iustis
1132 2247 1166 2270 es
1193 2247 1321 2278 corona,

956 2287 1014 2319 Me
1039 2295 1116 2327 ergo
1142 2285 1284 2319 fortifica

1008 2334 1122 2368 Omnia
1147 2334 1189 2366 ad
1215 2334 1300 2366 bona

958 2383 1023 2424 Sic,
1047 2384 1083 2415 ut
1108 2392 1172 2415 non
1196 2383 1238 2415 ad
1264 2384 1373 2416 toxica

1007 2431 1056 2464 Sit
1080 2440 1170 2463 mens
1195 2440 1267 2464 mea
1291 2441 1404 2472 prona.
