1651 2700
678 148 725 153 —
777 131 843 167 105
898 154 941 158 -

161 216 192 248 3.
222 213 317 250 Salus
343 221 465 262 mundi,
491 224 615 263 praedo
641 227 764 267 mortis,
860 232 891 263 4.
919 229 998 265 Vita
1022 243 1103 277 mea,
1131 244 1221 269 amor
1245 247 1345 280 meus,

265 265 342 306 Via,
372 268 449 307 vita,
478 272 609 312 veritas,
965 280 1077 314 Dulcis
1104 286 1137 315 et
1162 284 1356 328 dulcissime,

219 314 377 356 Princeps
405 318 505 362 pacis,
536 319 624 352 Deus
651 320 757 362 fortis,
917 328 1000 367 Iesu,
1027 328 1074 362 fili
1099 331 1172 373 Dei,
1199 332 1296 372 Deus,

265 359 352 404 Iesu,
380 366 496 398 mentis
522 369 655 411 sanitas,
962 376 1082 410 Frater
1106 381 1334 424 amantissime,

215 409 341 443 Inferni
367 422 408 445 ne
434 414 568 448 claudar
592 418 707 460 portis,
912 424 967 456 Ad
993 428 1026 457 te
1052 426 1155 459 clamo
1182 437 1239 470 ego
1265 439 1348 470 reus,

263 458 347 491 Mihi
375 461 461 494 desit
482 461 634 505 foeditas,
961 471 1104 506 Subveni
1130 476 1294 519 citissime,

215 505 305 538 Tuae
331 516 464 542 consors
489 514 526 543 ut
550 512 610 544 sim
634 516 741 554 sortis,
913 519 962 551 Ne
986 530 1038 553 me
1063 523 1174 556 vincat
1197 525 1371 559 Iebusaeus

263 555 374 588 Omnis
401 558 483 590 assit
506 560 643 599 puritas.
957 568 1153 610 Impugnans
1178 574 1383 613 nequissime.

487 627 519 659 5.
546 623 687 662 Salvans
712 640 813 672 amor,
841 633 915 665 Iesu
942 643 1025 675 care,

591 676 653 708 Dei
679 679 848 719 sapientia,

543 723 616 756 Non
640 728 811 765 permittas
839 729 1013 770 degustare

588 773 708 806 Mortis
734 784 787 808 me
814 778 984 818 supplicia,

539 820 622 852 Veni
649 825 680 853 et
705 824 773 855 noli
799 826 941 867 tardare,

587 869 664 901 Mea
689 879 763 910 spes
791 875 823 904 et
848 874 960 918 gloria,

540 915 657 949 Deduc
682 927 733 950 me
759 922 849 952 trans
876 923 986 954 mundi
1012 933 1100 956 mare

586 965 641 996 Ad
666 967 748 998 caeli
771 968 905 1007 palatia.

207 1023 234 1050 A
254 1024 305 1053 fol.
327 1023 364 1054 78
373 1035 399 1054 a.
422 1044 459 1048 —
479 1029 578 1066 Vergl.
601 1031 686 1059 Anal.
708 1033 763 1066 III,
788 1031 851 1060 172.

607 1125 633 1155 5.
666 1124 708 1156 De
728 1125 852 1166 spiritu
874 1129 992 1160 sancto.

145 1188 177 1221 1.
204 1189 286 1230 Ave,
315 1192 596 1232 sancterspiritua
841 1199 872 1230 ὃ.
899 1199 980 1239 Ave,
1008 1202 1062 1240 qui
1087 1203 1242 1241 apostolis

248 1238 396 1270 Omnium
424 1243 559 1280 creator,
948 1247 984 1279 In
1011 1248 1120 1289 lingua
1147 1250 1287 1291 donaris,

200 1285 326 1318 Mundo
351 1286 471 1319 missus
496 1289 630 1321 caelitus
899 1294 982 1328 Nam
1008 1296 1164 1338 benignos
1190 1299 1297 1332 incoli:

248 1333 332 1366 Boni
356 1334 540 1379 inspirator,
944 1343 1070 1384 Hisque
1096 1345 1279 1380 delectaris.

199 1381 285 1413 Mihi
311 1382 354 1414 sis
380 1384 570 1427 paraclitus,
896 1392 1030 1433 Angelis
1056 1401 1097 1424 nc
1122 1394 1270 1427 subdolis

244 1430 316 1462 Hoc
342 1433 392 1462 est
417 1433 608 1470 consolator,
943 1440 1065 1480 lungar
1090 1444 1122 1473 et
1148 1446 1266 1483 avaris,

195 1477 247 1509 Ne
273 1487 403 1511 causam
428 1480 579 1513 interitus
894 1488 951 1520 Me
975 1488 1072 1529 iunge
1098 1490 1272 1533 caelicolis,

243 1526 327 1558 Mihi
355 1527 411 1559 det
434 1531 620 1569 temptator.
942 1536 1064 1575 Quibus
1090 1541 1303 1574 conversaris,

133 1593 167 1625 2.
195 1594 277 1633 Ave,
305 1595 359 1635 qui
386 1595 509 1629 visibili
834 1603 867 1635 4.
893 1603 974 1642 Ave,
1002 1604 1096 1636 nubis
1122 1605 1252 1639 lucidae

240 1641 344 1674 Datus
372 1652 405 1675 es
431 1643 535 1685 figura
940 1651 1001 1691 Qui
1025 1655 1111 1693 geris
1137 1653 1283 1698 figuram,

191 1690 323 1722 Virtute
348 1692 490 1724 mirabili
890 1700 1103 1734 Aestuantem
1130 1703 1269 1743 cupidae

237 1738 332 1771 Dona
355 1743 527 1779 praestans
553 1743 658 1783 plura,
936 1748 1057 1781 Mentis
1084 1749 1159 1793 fuga
1187 1760 1306 1796 curam,

188 1786 220 1819 A
246 1796 298 1819 me
322 1788 503 1821 miserabili
887 1795 924 1827 In
953 1805 1003 1828 me
1028 1799 1134 1831 carnis
1157 1800 1285 1833 luridae

239 1836 331 1876 Fuga
355 1837 514 1878 nocitura,
933 1844 1114 1887 Exstingue
1140 1857 1280 1891 usuram,

190 1884 311 1924 Culpas
336 1884 502 1919 insolubili
886 1892 1039 1927 Caritatis
1065 1894 1213 1929 fervidae

235 1932 286 1965 Ne
312 1933 433 1966 solvam
461 1944 567 1970 usura.
932 1941 1017 1974 Mihi
1044 1944 1124 1976 dans
1151 1946 1318 1982 culturam.

520 2005 550 2036 5.
579 2005 659 2048 Ave,
689 2006 743 2047 qui
771 2007 940 2049 discipulis

627 2055 779 2096 Appares
805 2059 841 2088 ut
865 2057 948 2098 ignis

580 2101 732 2136 sedendo
756 2104 791 2136 in
816 2105 950 2146 singulis

625 2151 748 2183 Eorum
774 2156 807 2184 te
832 2153 947 2195 dignis,

577 2198 627 2230 Ne
651 2208 703 2232 me
727 2200 807 2241 liget
831 2201 968 2234 vinculis

624 2248 761 2281 Satanas
787 2250 948 2292 malignis,

572 2295 628 2327 Me
655 2297 817 2329 caelorum
843 2299 974 2338 populis

621 2344 778 2377 Admisce
804 2345 962 2387 benignis.

106 2443 164 2474 172
180 2406 207 2434 A
226 2408 278 2435 fol.
302 2406 350 2435 la.
371 2422 410 2429 —
429 2409 609 2438 Aufschrift:
634 2410 801 2446 „Salutatic
824 2413 856 2439 in
878 2411 1075 2442 Pentecoste.‘
1099 2429 1137 2433 —
1156 2416 1258 2453 Vergl.
1279 2418 1367 2448 Anal.
1388 2421 1443 2456 m,

185 2454 229 2482 sq.
