1651 2700
735 121 1000 157 ——238—

220 222 252 254 5.
280 221 357 255 Cum
383 220 417 253 in
441 220 564 252 honore
588 221 758 260 permanet

276 269 322 302 Et
346 269 439 301 homo
463 277 529 300 11011
553 267 725 309 intellegit,

278 317 352 350 Non
378 317 482 356 durat,
511 316 574 348 cito
602 318 741 356 corruet,

281 365 373 404 Quod
398 364 545 406 seminat,
572 363 742 405 recolligit,

277 413 423 446 Iumento
449 421 484 445 se
508 412 676 452 assimilet,

279 461 313 493 Si
338 461 492 493 rationem
519 460 672 501 negliget.

241 583 248 589 .
277 557 363 589 Laus
389 556 589 597 hominisque
614 555 701 588 fama

281 604 398 637 Cantat
420 605 598 644 praemium
619 603 759 642 virtutis,

276 652 358 684 Eam
383 661 511 692 semper
536 660 692 692 quaerens
718 661 801 692 ama,

279 700 329 732 Sis
354 709 477 733 memor
500 702 575 732 tuae
599 700 722 740 salutis,

276 747 379 779 Deum
405 756 533 788 semper
555 757 644 790 voca,
673 747 786 788 clama,

274 795 434 827 Fulciaris
461 795 557 827 rebus
581 795 669 827 tutis.

913 220 945 253 7.

971 219 1135 253 Virtutum
1160 221 1209 251 est
1235 218 1387 251 discretio

968 267 1077 300 Mater
1098 270 1196 308 atque
1219 267 1415 307 intellectus,

969 316 1006 348 In
1034 316 1079 347 eis
1106 319 1156 348 est
1179 314 1351 356 perfectio,

969 363 1082 396 Cessat
1107 364 1273 404 omnisque
1298 363 1455 405 defectus,

968 413 1007 445 In
1031 412 1113 452 ipsis
1138 421 1201 444 non
1228 411 1378 453 defectio,

967 460 1077 493 Omnis
1103 462 1194 492 actus
1221 463 1270 492 est,
1293 459 1470 501 perfectus.

965 556 1028 588 Est,
1051 556 1213 595 inpatiens
1237 554 1362 598 infelix,

965 603 1119 636 Indoctus
1146 604 1209 635 cito
1236 612 1398 644 corruens,

965 651 1096 684 Patiens
1122 654 1229 683 autem
1254 655 1304 683 est
1327 650 1406 683 felix

964 698 1167 739 Divitiasque
1192 699 1371 741 possidens,

961 747 1034 779 Non
1060 746 1208 787 regnabit
1237 747 1306 787 quis
1330 747 1481 790 crudelis,

962 794 1024 827 Est
1049 794 1151 826 victor
1176 795 1278 826 omnis
1303 795 1441 835 patiens

558 892 590 924 9.
617 890 679 932 Sis,
705 889 808 922 frater
830 890 884 928 mi,
912 889 1074 932 pacificus,

613 938 694 970 Esto
717 938 908 978 patiensque
934 946 1066 971 concors

614 986 659 1026 Et
680 994 745 1018 non
771 985 815 1017 sis
841 989 876 1017 tu
901 985 1092 1017 maledictus

614 1033 663 1065 Tu
687 1042 747 1065 nec
772 1033 912 1076 odiosus,
939 1033 1074 1074 discorS,

616 1080 686 1112 Nec
711 1083 778 1112 esto
804 1083 840 1112 tu
863 1081 1065 1123 maledictus,

615 1128 660 1159 Et
685 1130 720 1159 tu
744 1127 788 1159 sis
812 1127 919 1160 fidelis
946 1127 1070 1169 cohors,

614 1175 664 1206 Tu
688 1183 817 1207 maneas
842 1175 1004 1216 angelicus

613 1221 657 1253 Et
680 1231 745 1254 non
771 1224 838 1254 esto
865 1222 972 1264 durus,
1000 1221 1102 1254 ferox.

306 1332 307 1336 ,
330 1302 347 1332 3
369 1305 530 1333 obsculum.

525 1415 571 1446 83.
611 1415 746 1455 Hymnus
768 1417 880 1448 contra
900 1417 982 1448 vitia
1003 1419 1035 1449 et
1053 1419 1195 1458 peecata.

245 1530 252 1536 .
276 1504 438 1545 Superbus
463 1513 505 1536 ne
528 1507 564 1536 tu
587 1514 726 1545 maneaS,

278 1551 404 1584 Vitabis
429 1555 464 1583 tu
488 1552 683 1594 superbiam,

276 1599 321 1631 Et
345 1600 438 1632 alteri
463 1608 527 1631 non
551 1609 676 1644 noceas,

279 1647 329 1678 Ne
353 1656 427 1679 ruas
452 1647 485 1678 111
510 1646 684 1689 infamiam,

277 1694 367 1733 Quod
392 1703 513 1735 verum,
540 1704 581 1727 ne
603 1698 637 1727 tu
661 1698 778 1739 taceas,

276 1742 427 1783 Repelles
452 1744 487 1774 tu
511 1742 679 1776 insaniam.

241 1861 247 1868 .
276 1837 358 1876 Quid
384 1838 485 1869 elatus
510 1838 684 1878 superbio?

278 1884 346 1916 Iam
370 1894 438 1917 sum
466 1890 666 1926 comparatus
691 1888 776 1928 luto3

283 1932 365 1970 Quid
392 1932 433 1964 ad
458 1934 655 1972 peccandum
679 1935 786 1978 vigilo,

277 1980 346 2012 Iam
372 1989 441 2011 sum
467 1985 669 2021 comparatus
695 1983 808 2024 brut03

277 2027 360 2067 Quid
384 2027 520 2060 Domino
545 2038 609 2061 non
635 2030 752 2070 servio,

274 2074 333 2114 Qui
358 2084 409 2107 me
432 2076 502 2107 vult
521 2076 556 2108 in
580 2077 651 2109 loco
676 2078 772 2113 tuto?

245 2196 252 2203 .
279 2170 426 2214 Nequam
451 2172 569 2211 invide,
598 2174 675 2213 quid
702 2174 802 2217 doles,

273 2218 355 2257 Quid
380 2219 499 2251 retines
520 2221 686 2262 invidiam,

277 2265 311 2298 Si
336 2265 416 2299 felix
441 2271 535 2307 pater
559 2277 598 2300 ac
622 2271 730 2309 proles

272 2313 404 2346 Habens
429 2313 590 2348 fortunam
614 2317 768 2350 nimiam?

275 2361 355 2393 Tale
380 2363 492 2394 vitium
517 2373 581 2396 non
608 2365 705 2408 coles,

276 2409 325 2442 Tu
351 2408 453 2450 fugies
478 2412 646 2445 accidiam.

905 1507 938 1541 4.

906 2176 937 2208 6.

929 1867 937 1874 .
964 1842 1080 1874 Parum
1109 1844 1222 1885 dormi,
1248 1854 1313 1877 11011
1337 1845 1381 1877 515
1406 1846 1500 1889 piger

964 1507 1041 1539 Noli
1066 1507 1124 1541 abs
1149 1517 1185 1540 re
1209 1511 1245 1540 tu
1269 1509 1376 1548 irasci,

964 1554 1028 1587 Sed
1052 1556 1169 1588 recede
1193 1559 1229 1588 tu
1254 1556 1294 1588 ab
1319 1556 1380 1598 ira,

963 1602 1046 1634 Nam
1073 1612 1112 1635 ex
1138 1612 1176 1636 ea
1199 1604 1282 1636 solet,
1306 1604 1397 1639 nasei

961 1650 1084 1682 Malum
1111 1651 1296 1684 dissonante
1319 1653 1403 1693 lyra,

962 1698 1058 1730 Potes
1083 1699 1168 1732 malo
1195 1700 1264 1732 cibo
1290 1701 1390 1745 pasci,

963 1746 1013 1777 Tu
1037 1755 1097 1788 per
1123 1756 1192 1779 eam
1216 1757 1290 1780 raro
1316 1758 1406 1789 gyra.

962 1890 1013 1922 Tu
1037 1890 1149 1931 refuge
1172 1892 1348 1935 pigritiam,
1502 1873 1511 1890 ⁷

963 1937 1036 1969 Nisi
1062 1947 1177 1980 cesses,
1204 1941 1267 1972 eris
1293 1941 1401 1983 miser,

959 1985 1094 2025 Repelle
1119 1989 1154 2018 tu
1180 1987 1349 2029 desidiam,

964 2032 1039 2064 Non
1064 2042 1097 2065 es
1123 2034 1225 2076 albus,
1252 2037 1310 2069 sed
1335 2039 1370 2068 tu
1395 2037 1497 2079 niger,

964 2079 999 2111 Si
1025 2082 1168 2121 sequeris
1193 2083 1371 2119 tristitiam.

965 2176 1038 2208 Non
1063 2178 1205 2211 manebis
1232 2183 1267 2212 tu
1291 2190 1419 2224 avarus,

960 2224 1007 2256 Et
1030 2234 1090 2257 nec
1113 2226 1147 2258 in
1172 2228 1266 2260 malis
1293 2230 1439 2272 cupidus,

965 2272 1158 2307 Remanebis
1183 2276 1253 2309 Deo
1281 2286 1373 2310 carus

962 2320 1008 2352 Et
1031 2322 1066 2353 in
1092 2324 1211 2356 virtute
1236 2325 1373 2367 validus,

962 2368 1042 2401 Eius
1068 2376 1158 2403 actus
1184 2375 1233 2404 est
1257 2383 1385 2406 amarus

962 2416 1009 2448 Et
1034 2418 1086 2450 hic
1111 2420 1153 2452 ad
1178 2421 1298 2453 malum
1324 2423 1473 2461 callidus,
