<?xml version="1.0" encoding="UTF-8"?>
<!DOCTYPE html PUBLIC "-//W3C//DTD XHTML 1.0 Transitional//EN"
    "http://www.w3.org/TR/xhtml1/DTD/xhtml1-transitional.dtd">
<html xmlns="http://www.w3.org/1999/xhtml" xml:lang="en" lang="en">
 <head>
  <title>
</title>
<meta http-equiv="Content-Type" content="text/html;charset=utf-8" />
  <meta name='ocr-system' content='tesseract 3.04.00' />
  <meta name='ocr-capabilities' content='ocr_page ocr_carea ocr_par ocr_line ocrx_word'/>
</head>
<body>
  <div class='ocr_page' id='page_1' title='image "./analectahymnica41drevuoft_00195.png"; bbox 0 0 1651 2700; ppageno 0'>
   <div class='ocr_carea' id='block_1_1' title="bbox 737 127 997 162">
    <p class='ocr_par' dir='ltr' id='par_1_1' title="bbox 737 127 997 162">
     <span class='ocr_line' id='line_1_1' title="bbox 737 127 997 162; baseline 0.004 -1"><span class='ocrx_word' id='word_1_1' title='bbox 737 127 997 162; x_wconf 81' lang='lat'>—192—</span> 
     </span>
    </p>
   </div>
   <div class='ocr_carea' id='block_1_2' title="bbox 907 224 1505 503">
    <p class='ocr_par' dir='ltr' id='par_1_2' title="bbox 907 224 1505 503">
     <span class='ocr_line' id='line_1_2' title="bbox 907 224 1505 266; baseline -0.003 -8"><span class='ocrx_word' id='word_1_2' title='bbox 907 227 938 258; x_wconf 89' lang='lat'>5.</span> <span class='ocrx_word' id='word_1_3' title='bbox 967 224 1113 257; x_wconf 85' lang='lat' dir='ltr'>Christus</span> <span class='ocrx_word' id='word_1_4' title='bbox 1137 233 1251 264; x_wconf 87' lang='lat' dir='ltr'>passus</span> <span class='ocrx_word' id='word_1_5' title='bbox 1274 233 1331 256; x_wconf 86' lang='lat' dir='ltr'>nos</span> <span class='ocrx_word' id='word_1_6' title='bbox 1356 224 1505 266; x_wconf 79' lang='lat' dir='ltr'>redemit,</span> 
     </span>
     <span class='ocr_line' id='line_1_3' title="bbox 964 270 1436 312; baseline -0.002 -8"><span class='ocrx_word' id='word_1_7' title='bbox 964 272 1031 304; x_wconf 86' lang='lat' dir='ltr'>Nos</span> <span class='ocrx_word' id='word_1_8' title='bbox 1057 272 1097 305; x_wconf 86' lang='lat' dir='ltr'>ab</span> <span class='ocrx_word' id='word_1_9' title='bbox 1123 270 1249 303; x_wconf 88' lang='lat' dir='ltr'>inferno</span> <span class='ocrx_word' id='word_1_10' title='bbox 1274 271 1436 312; x_wconf 83' lang='lat' dir='ltr'>liberans;</span> 
     </span>
     <span class='ocr_line' id='line_1_4' title="bbox 964 319 1484 363; baseline -0.006 -10"><span class='ocrx_word' id='word_1_11' title='bbox 964 320 989 353; x_wconf 95' lang='lat' dir='ltr'>O</span> <span class='ocrx_word' id='word_1_12' title='bbox 1015 329 1076 363; x_wconf 90' lang='lat' dir='ltr'>me,</span> <span class='ocrx_word' id='word_1_13' title='bbox 1103 322 1255 360; x_wconf 90' lang='lat' dir='ltr'>quantum</span> <span class='ocrx_word' id='word_1_14' title='bbox 1280 319 1352 359; x_wconf 89' lang='lat' dir='ltr'>ipse</span> <span class='ocrx_word' id='word_1_15' title='bbox 1376 320 1484 359; x_wconf 81' lang='lat' dir='ltr'>gemit,</span> 
     </span>
     <span class='ocr_line' id='line_1_5' title="bbox 967 368 1482 407; baseline -0.006 -6"><span class='ocrx_word' id='word_1_16' title='bbox 967 368 1013 401; x_wconf 93' lang='lat' dir='ltr'>Ut</span> <span class='ocrx_word' id='word_1_17' title='bbox 1037 377 1094 400; x_wconf 91' lang='lat' dir='ltr'>nos</span> <span class='ocrx_word' id='word_1_18' title='bbox 1120 368 1261 400; x_wconf 85' lang='lat' dir='ltr'>salvaret</span> <span class='ocrx_word' id='word_1_19' title='bbox 1285 368 1482 407; x_wconf 82' lang='lat' dir='ltr'>properans!</span> 
     </span>
     <span class='ocr_line' id='line_1_6' title="bbox 963 414 1460 456; baseline -0.004 -9"><span class='ocrx_word' id='word_1_20' title='bbox 963 416 1030 448; x_wconf 84' lang='lat' dir='ltr'>Nos</span> <span class='ocrx_word' id='word_1_21' title='bbox 1056 416 1109 448; x_wconf 85' lang='lat' dir='ltr'>hic</span> <span class='ocrx_word' id='word_1_22' title='bbox 1133 416 1288 456; x_wconf 87' lang='lat' dir='ltr'>sanguine</span> <span class='ocrx_word' id='word_1_23' title='bbox 1312 414 1460 455; x_wconf 86' lang='lat' dir='ltr'>redemit,</span> 
     </span>
     <span class='ocr_line' id='line_1_7' title="bbox 964 463 1444 503; baseline -0.004 -8"><span class='ocrx_word' id='word_1_24' title='bbox 964 464 1024 503; x_wconf 87' lang='lat' dir='ltr'>Qui</span> <span class='ocrx_word' id='word_1_25' title='bbox 1048 463 1110 495; x_wconf 91' lang='lat' dir='ltr'>sibi</span> <span class='ocrx_word' id='word_1_26' title='bbox 1138 472 1265 495; x_wconf 83' lang='lat' dir='ltr'>crucem</span> <span class='ocrx_word' id='word_1_27' title='bbox 1290 463 1444 495; x_wconf 86' lang='lat' dir='ltr'>baiulans.</span> 
     </span>
    </p>
   </div>
   <div class='ocr_carea' id='block_1_3' title="bbox 222 222 821 502">
    <p class='ocr_par' dir='ltr' id='par_1_3' title="bbox 222 222 821 502">
     <span class='ocr_line' id='line_1_8' title="bbox 222 222 723 256; baseline -0.002 0"><span class='ocrx_word' id='word_1_28' title='bbox 222 223 253 256; x_wconf 80' lang='lat'>3.</span> <span class='ocrx_word' id='word_1_29' title='bbox 281 223 382 256; x_wconf 85' lang='lat' dir='ltr'>Nobis</span> <span class='ocrx_word' id='word_1_30' title='bbox 411 233 473 256; x_wconf 87' lang='lat' dir='ltr'>non</span> <span class='ocrx_word' id='word_1_31' title='bbox 499 222 613 255; x_wconf 84' lang='lat' dir='ltr'>fuisset</span> <span class='ocrx_word' id='word_1_32' title='bbox 637 224 723 256; x_wconf 84' lang='lat' dir='ltr'>salus</span> 
     </span>
     <span class='ocr_line' id='line_1_9' title="bbox 280 270 682 311; baseline 0 -8"><span class='ocrx_word' id='word_1_33' title='bbox 280 270 356 303; x_wconf 87' lang='lat' dir='ltr'>Sine</span> <span class='ocrx_word' id='word_1_34' title='bbox 380 271 499 304; x_wconf 83' lang='lat' dir='ltr'>Christi</span> <span class='ocrx_word' id='word_1_35' title='bbox 523 272 682 311; x_wconf 82' lang='lat' dir='ltr'>passione,</span> 
     </span>
     <span class='ocr_line' id='line_1_10' title="bbox 278 318 821 361; baseline 0.002 -11"><span class='ocrx_word' id='word_1_36' title='bbox 278 318 361 351; x_wconf 85' lang='lat' dir='ltr'>Nam</span> <span class='ocrx_word' id='word_1_37' title='bbox 386 319 429 351; x_wconf 92' lang='lat' dir='ltr'>sit</span> <span class='ocrx_word' id='word_1_38' title='bbox 454 318 581 351; x_wconf 86' lang='lat' dir='ltr'>Christo</span> <span class='ocrx_word' id='word_1_39' title='bbox 613 319 714 351; x_wconf 90' lang='lat' dir='ltr'>omnis</span> <span class='ocrx_word' id='word_1_40' title='bbox 740 320 821 361; x_wconf 80' lang='lat' dir='ltr'>laus,</span> 
     </span>
     <span class='ocr_line' id='line_1_11' title="bbox 278 366 642 408; baseline 0 -10"><span class='ocrx_word' id='word_1_41' title='bbox 278 366 382 406; x_wconf 88' lang='lat' dir='ltr'>Digno</span> <span class='ocrx_word' id='word_1_42' title='bbox 407 366 642 408; x_wconf 83' lang='lat' dir='ltr'>benedictione,</span> 
     </span>
     <span class='ocr_line' id='line_1_12' title="bbox 277 413 746 458; baseline 0.002 -13"><span class='ocrx_word' id='word_1_43' title='bbox 277 413 378 445; x_wconf 88' lang='lat' dir='ltr'>Nobis</span> <span class='ocrx_word' id='word_1_44' title='bbox 403 422 466 446; x_wconf 89' lang='lat' dir='ltr'>non</span> <span class='ocrx_word' id='word_1_45' title='bbox 490 414 534 445; x_wconf 89' lang='lat' dir='ltr'>sit</span> <span class='ocrx_word' id='word_1_46' title='bbox 556 414 623 446; x_wconf 90' lang='lat' dir='ltr'>ulla</span> <span class='ocrx_word' id='word_1_47' title='bbox 648 413 746 458; x_wconf 85' lang='lat' dir='ltr'>fraus,</span> 
     </span>
     <span class='ocr_line' id='line_1_13' title="bbox 276 461 694 502; baseline 0.002 -9"><span class='ocrx_word' id='word_1_48' title='bbox 276 461 348 493; x_wconf 82' lang='lat' dir='ltr'>Hae</span> <span class='ocrx_word' id='word_1_49' title='bbox 373 470 521 502; x_wconf 86' lang='lat' dir='ltr'>regamur</span> <span class='ocrx_word' id='word_1_50' title='bbox 545 462 694 495; x_wconf 78' lang='lat' dir='ltr'>lectione.</span> 
     </span>
    </p>
   </div>
   <div class='ocr_carea' id='block_1_4' title="bbox 219 555 1422 827">
    <p class='ocr_par' dir='ltr' id='par_1_4' title="bbox 219 555 1422 744">
     <span class='ocr_line' id='line_1_14' title="bbox 219 555 1422 599; baseline 0.001 -11"><span class='ocrx_word' id='word_1_51' title='bbox 219 556 252 588; x_wconf 87' lang='lat'>4.</span> <span class='ocrx_word' id='word_1_52' title='bbox 278 555 348 588; x_wconf 84' lang='lat' dir='ltr'>Deo</span> <span class='ocrx_word' id='word_1_53' title='bbox 374 565 500 596; x_wconf 85' lang='lat' dir='ltr'>semper</span> <span class='ocrx_word' id='word_1_54' title='bbox 525 565 578 589; x_wconf 84' lang='lat' dir='ltr'>ero</span> <span class='ocrx_word' id='word_1_55' title='bbox 604 560 725 599; x_wconf 87' lang='lat' dir='ltr'>gratus,</span> <span class='ocrx_word' id='word_1_56' title='bbox 904 560 935 591; x_wconf 85' lang='lat'>6.</span> <span class='ocrx_word' id='word_1_57' title='bbox 963 559 1079 592; x_wconf 88' lang='lat' dir='ltr'>Omnes</span> <span class='ocrx_word' id='word_1_58' title='bbox 1106 559 1257 591; x_wconf 89' lang='lat' dir='ltr'>debemus</span> <span class='ocrx_word' id='word_1_59' title='bbox 1283 558 1422 598; x_wconf 84' lang='lat' dir='ltr'>compati</span> 
     </span>
     <span class='ocr_line' id='line_1_15' title="bbox 275 603 1383 645; baseline 0.005 -11"><span class='ocrx_word' id='word_1_60' title='bbox 275 603 438 635; x_wconf 84' lang='lat' dir='ltr'>Passionis</span> <span class='ocrx_word' id='word_1_61' title='bbox 464 612 516 636; x_wconf 89' lang='lat' dir='ltr'>ero</span> <span class='ocrx_word' id='word_1_62' title='bbox 541 613 680 645; x_wconf 81' lang='lat' dir='ltr'>memor3</span> <span class='ocrx_word' id='word_1_63' title='bbox 960 607 1005 638; x_wconf 87' lang='lat' dir='ltr'>Et</span> <span class='ocrx_word' id='word_1_64' title='bbox 1028 605 1107 638; x_wconf 88' lang='lat' dir='ltr'>flere</span> <span class='ocrx_word' id='word_1_65' title='bbox 1130 616 1188 639; x_wconf 88' lang='lat' dir='ltr'>nos</span> <span class='ocrx_word' id='word_1_66' title='bbox 1212 615 1251 639; x_wconf 83' lang='lat' dir='ltr'>ex</span> <span class='ocrx_word' id='word_1_67' title='bbox 1277 606 1383 639; x_wconf 82' lang='lat' dir='ltr'>animo</span> 
     </span>
     <span class='ocr_line' id='line_1_16' title="bbox 274 650 1401 696; baseline 0.004 -14"><span class='ocrx_word' id='word_1_68' title='bbox 274 650 352 683; x_wconf 91' lang='lat' dir='ltr'>Fuit</span> <span class='ocrx_word' id='word_1_69' title='bbox 375 651 446 691; x_wconf 88' lang='lat' dir='ltr'>ipse</span> <span class='ocrx_word' id='word_1_70' title='bbox 471 652 669 696; x_wconf 83' lang='lat' dir='ltr'>verberatus,</span> <span class='ocrx_word' id='word_1_71' title='bbox 960 654 1006 686; x_wconf 86' lang='lat' dir='ltr'>Et</span> <span class='ocrx_word' id='word_1_72' title='bbox 1029 654 1127 686; x_wconf 87' lang='lat' dir='ltr'>simus</span> <span class='ocrx_word' id='word_1_73' title='bbox 1152 664 1209 687; x_wconf 89' lang='lat' dir='ltr'>nos</span> <span class='ocrx_word' id='word_1_74' title='bbox 1235 654 1401 695; x_wconf 83' lang='lat' dir='ltr'>perterriti</span> 
     </span>
     <span class='ocr_line' id='line_1_17' title="bbox 273 698 709 744; baseline 0.009 -16"><span class='ocrx_word' id='word_1_75' title='bbox 273 698 351 729; x_wconf 82' lang='lat' dir='ltr'>Fuit</span> <span class='ocrx_word' id='word_1_76' title='bbox 374 699 435 730; x_wconf 89' lang='lat' dir='ltr'>sibi</span> <span class='ocrx_word' id='word_1_77' title='bbox 462 699 550 731; x_wconf 89' lang='lat' dir='ltr'>dirus</span> <span class='ocrx_word' id='word_1_78' title='bbox 575 709 709 744; x_wconf 82' lang='lat' dir='ltr'>maeror,</span> 
     </span>
    </p>

    <p class='ocr_par' dir='ltr' id='par_1_5' title="bbox 273 745 788 827">
     <span class='ocr_line' id='line_1_18' title="bbox 274 745 788 789; baseline 0.002 -12"><span class='ocrx_word' id='word_1_79' title='bbox 274 745 319 777; x_wconf 87' lang='lat' dir='ltr'>Et</span> <span class='ocrx_word' id='word_1_80' title='bbox 343 746 386 777; x_wconf 88' lang='lat' dir='ltr'>ad</span> <span class='ocrx_word' id='word_1_81' title='bbox 410 749 543 778; x_wconf 87' lang='lat' dir='ltr'>mortem</span> <span class='ocrx_word' id='word_1_82' title='bbox 569 747 622 779; x_wconf 85' lang='lat' dir='ltr'>hic</span> <span class='ocrx_word' id='word_1_83' title='bbox 645 751 788 789; x_wconf 84' lang='lat' dir='ltr'>paratus,</span> 
     </span>
     <span class='ocr_line' id='line_1_19' title="bbox 273 792 714 827; baseline 0.007 -3"><span class='ocrx_word' id='word_1_84' title='bbox 273 792 351 824; x_wconf 90' lang='lat' dir='ltr'>Fuit</span> <span class='ocrx_word' id='word_1_85' title='bbox 375 793 428 825; x_wconf 81' lang='lat' dir='ltr'>hic</span> <span class='ocrx_word' id='word_1_86' title='bbox 454 794 570 826; x_wconf 88' lang='lat' dir='ltr'>amoris</span> <span class='ocrx_word' id='word_1_87' title='bbox 597 793 714 827; x_wconf 86' lang='lat' dir='ltr'>fervor.</span> 
     </span>
    </p>
   </div>
   <div class='ocr_carea' id='block_1_5' title="bbox 957 701 1434 830">
    <p class='ocr_par' dir='ltr' id='par_1_6' title="bbox 957 701 1434 830">
     <span class='ocr_line' id='line_1_20' title="bbox 959 701 1434 743; baseline 0.002 -10"><span class='ocrx_word' id='word_1_88' title='bbox 959 701 1009 733; x_wconf 92' lang='lat' dir='ltr'>De</span> <span class='ocrx_word' id='word_1_89' title='bbox 1038 702 1158 734; x_wconf 84' lang='lat' dir='ltr'>Christi</span> <span class='ocrx_word' id='word_1_90' title='bbox 1186 706 1251 735; x_wconf 86' lang='lat' dir='ltr'>tam</span> <span class='ocrx_word' id='word_1_91' title='bbox 1277 702 1434 743; x_wconf 89' lang='lat' dir='ltr'>patibulo,</span> 
     </span>
     <span class='ocr_line' id='line_1_21' title="bbox 959 749 1343 782; baseline 0 0"><span class='ocrx_word' id='word_1_92' title='bbox 959 749 1005 782; x_wconf 88' lang='lat' dir='ltr'>Ut</span> <span class='ocrx_word' id='word_1_93' title='bbox 1029 759 1211 782; x_wconf 83' lang='lat' dir='ltr'>maneamus</span> <span class='ocrx_word' id='word_1_94' title='bbox 1236 750 1343 782; x_wconf 91' lang='lat' dir='ltr'>meriti</span> 
     </span>
     <span class='ocr_line' id='line_1_22' title="bbox 957 796 1376 830; baseline 0.005 -2"><span class='ocrx_word' id='word_1_95' title='bbox 957 796 1007 828; x_wconf 91' lang='lat' dir='ltr'>De</span> <span class='ocrx_word' id='word_1_96' title='bbox 1033 800 1122 830; x_wconf 87' lang='lat' dir='ltr'>tanto</span> <span class='ocrx_word' id='word_1_97' title='bbox 1150 798 1232 830; x_wconf 91' lang='lat' dir='ltr'>dono</span> <span class='ocrx_word' id='word_1_98' title='bbox 1256 798 1376 830; x_wconf 83' lang='lat' dir='ltr'>valido.</span> 
     </span>
    </p>
   </div>
   <div class='ocr_carea' id='block_1_6' title="bbox 580 889 1095 1163">
    <p class='ocr_par' dir='ltr' id='par_1_7' title="bbox 580 889 1095 1163">
     <span class='ocr_line' id='line_1_23' title="bbox 580 889 1095 935; baseline 0.006 -14"><span class='ocrx_word' id='word_1_99' title='bbox 580 891 610 922; x_wconf 79' lang='lat'>7.</span> <span class='ocrx_word' id='word_1_100' title='bbox 640 889 759 922; x_wconf 82' lang='lat' dir='ltr'>Christi</span> <span class='ocrx_word' id='word_1_101' title='bbox 783 893 818 922; x_wconf 91' lang='lat' dir='ltr'>tu</span> <span class='ocrx_word' id='word_1_102' title='bbox 841 895 954 924; x_wconf 86' lang='lat' dir='ltr'>sancta</span> <span class='ocrx_word' id='word_1_103' title='bbox 976 892 1095 935; x_wconf 84' lang='lat' dir='ltr'>passio,</span> 
     </span>
     <span class='ocr_line' id='line_1_24' title="bbox 635 937 989 981; baseline 0.006 -12"><span class='ocrx_word' id='word_1_104' title='bbox 635 937 740 969; x_wconf 85' lang='lat' dir='ltr'>Fuisti</span> <span class='ocrx_word' id='word_1_105' title='bbox 764 941 856 970; x_wconf 82' lang='lat' dir='ltr'>atrox</span> <span class='ocrx_word' id='word_1_106' title='bbox 881 939 989 981; x_wconf 85' lang='lat' dir='ltr'>nimia,</span> 
     </span>
     <span class='ocr_line' id='line_1_25' title="bbox 636 985 993 1020; baseline 0.011 -4"><span class='ocrx_word' id='word_1_107' title='bbox 636 985 765 1017; x_wconf 80' lang='lat' dir='ltr'>Peccati</span> <span class='ocrx_word' id='word_1_108' title='bbox 790 994 822 1017; x_wconf 91' lang='lat' dir='ltr'>es</span> <span class='ocrx_word' id='word_1_109' title='bbox 847 987 993 1020; x_wconf 87' lang='lat' dir='ltr'>remissio</span> 
     </span>
     <span class='ocr_line' id='line_1_26' title="bbox 632 1032 1019 1075; baseline 0.008 -11"><span class='ocrx_word' id='word_1_110' title='bbox 632 1032 678 1064; x_wconf 88' lang='lat' dir='ltr'>Et</span> <span class='ocrx_word' id='word_1_111' title='bbox 703 1033 892 1066; x_wconf 83' lang='lat' dir='ltr'>delictorum</span> <span class='ocrx_word' id='word_1_112' title='bbox 918 1035 1019 1075; x_wconf 85' lang='lat' dir='ltr'>venia,</span> 
     </span>
     <span class='ocr_line' id='line_1_27' title="bbox 635 1079 1004 1122; baseline 0.008 -11"><span class='ocrx_word' id='word_1_113' title='bbox 635 1079 754 1112; x_wconf 84' lang='lat' dir='ltr'>Divina</span> <span class='ocrx_word' id='word_1_114' title='bbox 777 1083 812 1112; x_wconf 84' lang='lat' dir='ltr'>tu</span> <span class='ocrx_word' id='word_1_115' title='bbox 836 1082 1004 1122; x_wconf 88' lang='lat' dir='ltr'>permissio</span> 
     </span>
     <span class='ocr_line' id='line_1_28' title="bbox 636 1128 1054 1163; baseline 0.007 -4"><span class='ocrx_word' id='word_1_116' title='bbox 636 1128 698 1159; x_wconf 89' lang='lat' dir='ltr'>Pro</span> <span class='ocrx_word' id='word_1_117' title='bbox 723 1131 833 1160; x_wconf 87' lang='lat' dir='ltr'>nostra</span> <span class='ocrx_word' id='word_1_118' title='bbox 856 1132 889 1160; x_wconf 89' lang='lat' dir='ltr'>tu</span> <span class='ocrx_word' id='word_1_119' title='bbox 915 1130 1054 1163; x_wconf 88' lang='lat' dir='ltr'>miseria.</span> 
     </span>
    </p>
   </div>
   <div class='ocr_carea' id='block_1_7' title="bbox 198 1215 612 1288">
    <p class='ocr_par' dir='ltr' id='par_1_8' title="bbox 198 1215 612 1284">
     <span class='ocr_line' id='line_1_29' title="bbox 273 1215 612 1254; baseline 0.012 -11"><span class='ocrx_word' id='word_1_120' title='bbox 273 1215 299 1250; x_wconf 83' lang='lat'>2,</span> <span class='ocrx_word' id='word_1_121' title='bbox 321 1215 428 1246; x_wconf 85' lang='lat' dir='ltr'>6Fuit</span> <span class='ocrx_word' id='word_1_122' title='bbox 452 1219 508 1246; x_wconf 90' lang='lat' dir='ltr'>his.</span> <span class='ocrx_word' id='word_1_123' title='bbox 529 1219 612 1254; x_wconf 91' lang='lat'>——4‚</span> 
     </span>
     <span class='ocr_line' id='line_1_30' title="bbox 198 1253 421 1288; baseline 0.009 -6"><span class='ocrx_word' id='word_1_124' title='bbox 198 1253 224 1288; x_wconf 89' lang='lat'>5,</span> <span class='ocrx_word' id='word_1_125' title='bbox 246 1253 344 1283; x_wconf 84' lang='grc' dir='ltr'>5Νο</span> <span class='ocrx_word' id='word_1_126' title='bbox 365 1256 421 1284; x_wconf 93' lang='lat' dir='ltr'>his.</span> 
     </span>
    </p>
   </div>
   <div class='ocr_carea' id='block_1_8' title="bbox 679 1221 1515 1260">
    <p class='ocr_par' dir='ltr' id='par_1_9' title="bbox 679 1221 1515 1260">
     <span class='ocr_line' id='line_1_31' title="bbox 679 1221 1515 1260; baseline 0.01 -12"><span class='ocrx_word' id='word_1_127' title='bbox 679 1221 717 1248; x_wconf 61' lang='lat' dir='ltr'>hi:</span> <span class='ocrx_word' id='word_1_128' title='bbox 746 1225 875 1257; x_wconf 78' lang='lat' dir='ltr'>paratus.</span> <span class='ocrx_word' id='word_1_129' title='bbox 899 1238 935 1241; x_wconf 97' lang='lat'><strong>—</strong></span> <span class='ocrx_word' id='word_1_130' title='bbox 955 1222 982 1256; x_wconf 81' lang='lat'>4,</span> <span class='ocrx_word' id='word_1_131' title='bbox 1004 1222 1021 1251; x_wconf 87' lang='lat'><strong>6</strong></span> <span class='ocrx_word' id='word_1_132' title='bbox 1042 1225 1112 1252; x_wconf 88' lang='lat' dir='ltr'>Fuit</span> <span class='ocrx_word' id='word_1_133' title='bbox 1129 1225 1185 1253; x_wconf 88' lang='lat' dir='ltr'>his.</span> <span class='ocrx_word' id='word_1_134' title='bbox 1209 1241 1246 1245; x_wconf 90' lang='lat'>—</span> <span class='ocrx_word' id='word_1_135' title='bbox 1268 1224 1294 1260; x_wconf 87' lang='lat'>5,</span> <span class='ocrx_word' id='word_1_136' title='bbox 1316 1225 1334 1255; x_wconf 88' lang='lat'><strong>3</strong></span> <span class='ocrx_word' id='word_1_137' title='bbox 1357 1227 1381 1255; x_wconf 93' lang='lat' dir='ltr'>O</span> <span class='ocrx_word' id='word_1_138' title='bbox 1404 1229 1451 1255; x_wconf 86' lang='lat' dir='ltr'>mi.</span> <span class='ocrx_word' id='word_1_139' title='bbox 1474 1243 1515 1247; x_wconf 92' lang='lat'>-—</span> 
     </span>
    </p>
   </div>
   <div class='ocr_carea' id='block_1_9' title="bbox 553 1397 1127 1441">
    <p class='ocr_par' dir='ltr' id='par_1_10' title="bbox 553 1397 1127 1441">
     <span class='ocr_line' id='line_1_32' title="bbox 553 1397 1127 1441; baseline 0.01 -13"><span class='ocrx_word' id='word_1_140' title='bbox 553 1397 595 1429; x_wconf 91' lang='lat'>10.</span> <span class='ocrx_word' id='word_1_141' title='bbox 635 1398 770 1436; x_wconf 87' lang='lat' dir='ltr'>Hymnus</span> <span class='ocrx_word' id='word_1_142' title='bbox 793 1399 875 1430; x_wconf 87' lang='lat' dir='ltr'>alius</span> <span class='ocrx_word' id='word_1_143' title='bbox 896 1409 991 1441; x_wconf 83' lang='lat' dir='ltr'>super</span> <span class='ocrx_word' id='word_1_144' title='bbox 1012 1402 1127 1434; x_wconf 84' lang='lat' dir='ltr'>eodem.</span> 
     </span>
    </p>
   </div>
   <div class='ocr_carea' id='block_1_10' title="bbox 209 1501 751 1775">
    <p class='ocr_par' dir='ltr' id='par_1_11' title="bbox 209 1501 751 1775">
     <span class='ocr_line' id='line_1_33' title="bbox 209 1501 668 1549; baseline 0.007 -15"><span class='ocrx_word' id='word_1_145' title='bbox 209 1502 239 1535; x_wconf 86' lang='lat'>1.</span> <span class='ocrx_word' id='word_1_146' title='bbox 260 1501 425 1534; x_wconf 79' lang='lat' dir='ltr'>Passionis</span> <span class='ocrx_word' id='word_1_147' title='bbox 450 1512 570 1537; x_wconf 89' lang='lat' dir='ltr'>memor</span> <span class='ocrx_word' id='word_1_148' title='bbox 595 1506 668 1549; x_wconf 82' lang='lat' dir='ltr'>eris,</span> 
     </span>
     <span class='ocr_line' id='line_1_34' title="bbox 267 1549 632 1591; baseline 0.011 -11"><span class='ocrx_word' id='word_1_149' title='bbox 267 1549 409 1582; x_wconf 84' lang='lat' dir='ltr'>Habebis</span> <span class='ocrx_word' id='word_1_150' title='bbox 434 1552 632 1591; x_wconf 80' lang='lat' dir='ltr'>patientiam,</span> 
     </span>
     <span class='ocr_line' id='line_1_35' title="bbox 268 1597 672 1640; baseline 0.012 -13"><span class='ocrx_word' id='word_1_151' title='bbox 268 1597 352 1628; x_wconf 85' lang='lat' dir='ltr'>Velis</span> <span class='ocrx_word' id='word_1_152' title='bbox 380 1598 556 1631; x_wconf 87' lang='lat' dir='ltr'>adhaerere</span> <span class='ocrx_word' id='word_1_153' title='bbox 580 1601 672 1640; x_wconf 69' lang='lat' dir='ltr'>veris,</span> 
     </span>
     <span class='ocr_line' id='line_1_36' title="bbox 263 1644 751 1691; baseline 0.01 -15"><span class='ocrx_word' id='word_1_154' title='bbox 263 1644 408 1677; x_wconf 84' lang='lat' dir='ltr'>Habebis</span> <span class='ocrx_word' id='word_1_155' title='bbox 434 1655 578 1687; x_wconf 88' lang='lat' dir='ltr'>magnam</span> <span class='ocrx_word' id='word_1_156' title='bbox 604 1649 751 1691; x_wconf 84' lang='lat' dir='ltr'>gratiam,</span> 
     </span>
     <span class='ocr_line' id='line_1_37' title="bbox 263 1691 668 1736; baseline 0.01 -13"><span class='ocrx_word' id='word_1_157' title='bbox 263 1691 339 1723; x_wconf 86' lang='lat' dir='ltr'>Sine</span> <span class='ocrx_word' id='word_1_158' title='bbox 364 1693 436 1732; x_wconf 87' lang='lat' dir='ltr'>ipsa</span> <span class='ocrx_word' id='word_1_159' title='bbox 461 1692 546 1726; x_wconf 85' lang='lat' dir='ltr'>forte</span> <span class='ocrx_word' id='word_1_160' title='bbox 570 1696 668 1736; x_wconf 87' lang='lat' dir='ltr'>peris,</span> 
     </span>
     <span class='ocr_line' id='line_1_38' title="bbox 262 1739 653 1775; baseline 0.011 -4"><span class='ocrx_word' id='word_1_161' title='bbox 262 1739 392 1772; x_wconf 83' lang='lat' dir='ltr'>Habere</span> <span class='ocrx_word' id='word_1_162' title='bbox 417 1750 493 1774; x_wconf 85' lang='lat' dir='ltr'>eura</span> <span class='ocrx_word' id='word_1_163' title='bbox 517 1743 653 1775; x_wconf 86' lang='lat' dir='ltr'>veniam.</span> 
     </span>
    </p>
   </div>
   <div class='ocr_carea' id='block_1_11' title="bbox 893 1509 1482 1791">
    <p class='ocr_par' dir='ltr' id='par_1_12' title="bbox 893 1509 1482 1791">
     <span class='ocr_line' id='line_1_39' title="bbox 893 1509 1352 1550; baseline 0.009 -9"><span class='ocrx_word' id='word_1_164' title='bbox 893 1511 925 1542; x_wconf 88' lang='lat'>4.</span> <span class='ocrx_word' id='word_1_165' title='bbox 953 1509 1035 1541; x_wconf 85' lang='lat' dir='ltr'>Nam</span> <span class='ocrx_word' id='word_1_166' title='bbox 1060 1511 1167 1550; x_wconf 90' lang='lat' dir='ltr'>passio</span> <span class='ocrx_word' id='word_1_167' title='bbox 1194 1511 1352 1545; x_wconf 80' lang='lat' dir='ltr'>clarificat</span> 
     </span>
     <span class='ocr_line' id='line_1_40' title="bbox 952 1557 1482 1595; baseline 0.013 -7"><span class='ocrx_word' id='word_1_168' title='bbox 952 1557 1113 1589; x_wconf 87' lang='lat' dir='ltr'>Praebens</span> <span class='ocrx_word' id='word_1_169' title='bbox 1140 1558 1257 1591; x_wconf 91' lang='lat' dir='ltr'>bonum</span> <span class='ocrx_word' id='word_1_170' title='bbox 1282 1560 1482 1595; x_wconf 81' lang='lat' dir='ltr'>intellectum</span> 
     </span>
     <span class='ocr_line' id='line_1_41' title="bbox 948 1604 1368 1651; baseline 0.01 -15"><span class='ocrx_word' id='word_1_171' title='bbox 948 1604 992 1636; x_wconf 90' lang='lat' dir='ltr'>Et</span> <span class='ocrx_word' id='word_1_172' title='bbox 1018 1605 1177 1637; x_wconf 87' lang='lat' dir='ltr'>hominem</span> <span class='ocrx_word' id='word_1_173' title='bbox 1203 1605 1368 1651; x_wconf 84' lang='lat' dir='ltr'>fortificat,</span> 
     </span>
     <span class='ocr_line' id='line_1_42' title="bbox 949 1653 1387 1688; baseline 0.009 -4"><span class='ocrx_word' id='word_1_174' title='bbox 949 1653 1044 1685; x_wconf 80' lang='lat' dir='ltr'>Facit</span> <span class='ocrx_word' id='word_1_175' title='bbox 1068 1654 1227 1686; x_wconf 88' lang='lat' dir='ltr'>hominem</span> <span class='ocrx_word' id='word_1_176' title='bbox 1253 1656 1387 1688; x_wconf 86' lang='lat' dir='ltr'>electum</span> 
     </span>
     <span class='ocr_line' id='line_1_43' title="bbox 947 1699 1335 1741; baseline 0.01 -9"><span class='ocrx_word' id='word_1_177' title='bbox 947 1699 1158 1741; x_wconf 85' lang='lat' dir='ltr'>Eundemque</span> <span class='ocrx_word' id='word_1_178' title='bbox 1182 1702 1335 1736; x_wconf 85' lang='lat' dir='ltr'>iustificat</span> 
     </span>
     <span class='ocr_line' id='line_1_44' title="bbox 947 1747 1445 1791; baseline 0.016 -12"><span class='ocrx_word' id='word_1_179' title='bbox 947 1747 1042 1780; x_wconf 84' lang='lat' dir='ltr'>Facit</span> <span class='ocrx_word' id='word_1_180' title='bbox 1064 1749 1288 1791; x_wconf 88' lang='lat' dir='ltr'>hominemque</span> <span class='ocrx_word' id='word_1_181' title='bbox 1312 1757 1445 1788; x_wconf 83' lang='lat' dir='ltr'>rectum.</span> 
     </span>
    </p>
   </div>
   <div class='ocr_carea' id='block_1_12' title="bbox 204 1833 1362 1884">
    <p class='ocr_par' dir='ltr' id='par_1_13' title="bbox 204 1833 1362 1884">
     <span class='ocr_line' id='line_1_45' title="bbox 204 1833 1362 1884; baseline 0.013 -19"><span class='ocrx_word' id='word_1_182' title='bbox 204 1834 235 1866; x_wconf 87' lang='lat'>2.</span> <span class='ocrx_word' id='word_1_183' title='bbox 261 1833 329 1865; x_wconf 86' lang='lat' dir='ltr'>Iam</span> <span class='ocrx_word' id='word_1_184' title='bbox 354 1844 416 1867; x_wconf 87' lang='lat' dir='ltr'>non</span> <span class='ocrx_word' id='word_1_185' title='bbox 434 1845 541 1868; x_wconf 88' lang='lat' dir='ltr'>sumus</span> <span class='ocrx_word' id='word_1_186' title='bbox 557 1846 614 1869; x_wconf 88' lang='lat' dir='ltr'>nos</span> <span class='ocrx_word' id='word_1_187' title='bbox 632 1841 814 1884; x_wconf 87' lang='lat' dir='ltr'>trementes,</span> <span class='ocrx_word' id='word_1_188' title='bbox 888 1843 917 1874; x_wconf 34' lang='grc' dir='ltr'>5Κ</span> <span class='ocrx_word' id='word_1_189' title='bbox 946 1843 1095 1884; x_wconf 82' lang='lat' dir='ltr'>Ingratus</span> <span class='ocrx_word' id='word_1_190' title='bbox 1121 1853 1212 1877; x_wconf 87' lang='lat' dir='ltr'>nemo</span> <span class='ocrx_word' id='word_1_191' title='bbox 1234 1851 1362 1881; x_wconf 88' lang='lat' dir='ltr'>maneat</span> 
     </span>
    </p>
   </div>
   <div class='ocr_carea' id='block_1_13' title="bbox 259 1879 784 2068">
    <p class='ocr_par' dir='ltr' id='par_1_14' title="bbox 264 1879 668 1928">
     <span class='ocr_line' id='line_1_46' title="bbox 264 1879 668 1928; baseline 0.013 -16"><span class='ocrx_word' id='word_1_192' title='bbox 264 1879 328 1913; x_wconf 88' lang='lat' dir='ltr'>Sed</span> <span class='ocrx_word' id='word_1_193' title='bbox 352 1882 528 1916; x_wconf 83' lang='lat' dir='ltr'>incedimus</span> <span class='ocrx_word' id='word_1_194' title='bbox 553 1887 668 1928; x_wconf 83' lang='lat' dir='ltr'>securi,</span> 
     </span>
    </p>

    <p class='ocr_par' dir='ltr' id='par_1_15' title="bbox 259 1928 784 2068">
     <span class='ocr_line' id='line_1_47' title="bbox 265 1928 784 1967; baseline 0.012 -6"><span class='ocrx_word' id='word_1_195' title='bbox 265 1928 300 1961; x_wconf 89' lang='lat' dir='ltr'>Si</span> <span class='ocrx_word' id='word_1_196' title='bbox 325 1929 365 1960; x_wconf 88' lang='lat' dir='ltr'>de</span> <span class='ocrx_word' id='word_1_197' title='bbox 391 1930 516 1963; x_wconf 90' lang='lat' dir='ltr'>Christo</span> <span class='ocrx_word' id='word_1_198' title='bbox 541 1940 648 1964; x_wconf 86' lang='lat' dir='ltr'>sumus</span> <span class='ocrx_word' id='word_1_199' title='bbox 672 1932 784 1967; x_wconf 89' lang='lat' dir='ltr'>flentes</span> 
     </span>
     <span class='ocr_line' id='line_1_48' title="bbox 261 1975 735 2022; baseline 0.015 -16"><span class='ocrx_word' id='word_1_200' title='bbox 261 1975 306 2007; x_wconf 88' lang='lat' dir='ltr'>Et</span> <span class='ocrx_word' id='word_1_201' title='bbox 330 1985 393 2008; x_wconf 91' lang='lat' dir='ltr'>non</span> <span class='ocrx_word' id='word_1_202' title='bbox 419 1981 505 2009; x_wconf 78' lang='lat' dir='ltr'>certe</span> <span class='ocrx_word' id='word_1_203' title='bbox 530 1980 628 2011; x_wconf 84' lang='lat' dir='ltr'>eorde</span> <span class='ocrx_word' id='word_1_204' title='bbox 653 1981 735 2022; x_wconf 69' lang='lat' dir='ltr'>duri,</span> 
     </span>
     <span class='ocr_line' id='line_1_49' title="bbox 259 2022 699 2068; baseline 0.014 -14"><span class='ocrx_word' id='word_1_205' title='bbox 259 2022 431 2056; x_wconf 87' lang='lat' dir='ltr'>Doleamus</span> <span class='ocrx_word' id='word_1_206' title='bbox 457 2034 564 2058; x_wconf 86' lang='lat' dir='ltr'>omnes</span> <span class='ocrx_word' id='word_1_207' title='bbox 589 2034 699 2068; x_wconf 87' lang='lat' dir='ltr'>gentes</span> 
     </span>
    </p>
   </div>
   <div class='ocr_carea' id='block_1_14' title="bbox 256 2069 810 2119">
    <p class='ocr_par' dir='ltr' id='par_1_16' title="bbox 256 2069 810 2119">
     <span class='ocr_line' id='line_1_50' title="bbox 256 2069 810 2119; baseline 0.014 -17"><span class='ocrx_word' id='word_1_208' title='bbox 256 2069 306 2102; x_wconf 91' lang='lat' dir='ltr'>De</span> <span class='ocrx_word' id='word_1_209' title='bbox 330 2074 434 2103; x_wconf 89' lang='lat' dir='ltr'>morte</span> <span class='ocrx_word' id='word_1_210' title='bbox 458 2073 579 2106; x_wconf 86' lang='lat' dir='ltr'>Christi</span> <span class='ocrx_word' id='word_1_211' title='bbox 607 2073 699 2119; x_wconf 87' lang='lat' dir='ltr'>[tam]</span> <span class='ocrx_word' id='word_1_212' title='bbox 725 2078 810 2116; x_wconf 89' lang='lat' dir='ltr'>puri.</span> 
     </span>
    </p>
   </div>
   <div class='ocr_carea' id='block_1_15' title="bbox 224 2165 779 2355">
    <p class='ocr_par' dir='ltr' id='par_1_17' title="bbox 224 2165 779 2298">
     <span class='ocr_line' id='line_1_51' title="bbox 224 2165 683 2207; baseline 0.013 -10"><span class='ocrx_word' id='word_1_213' title='bbox 224 2188 232 2197; x_wconf 91' lang='lat'><strong>.</strong></span> <span class='ocrx_word' id='word_1_214' title='bbox 261 2165 382 2199; x_wconf 85' lang='lat' dir='ltr'>Christi</span> <span class='ocrx_word' id='word_1_215' title='bbox 402 2169 509 2207; x_wconf 87' lang='lat' dir='ltr'>passio</span> <span class='ocrx_word' id='word_1_216' title='bbox 536 2169 683 2202; x_wconf 81' lang='lat' dir='ltr'>defendit</span> 
     </span>
     <span class='ocr_line' id='line_1_52' title="bbox 257 2212 779 2260; baseline 0.015 -16"><span class='ocrx_word' id='word_1_217' title='bbox 257 2212 355 2252; x_wconf 79' lang='lat' dir='ltr'>Quem</span> <span class='ocrx_word' id='word_1_218' title='bbox 380 2215 413 2247; x_wconf 90' lang='lat' dir='ltr'>in</span> <span class='ocrx_word' id='word_1_219' title='bbox 438 2220 545 2248; x_wconf 87' lang='lat' dir='ltr'>mente</span> <span class='ocrx_word' id='word_1_220' title='bbox 571 2217 779 2260; x_wconf 88' lang='lat' dir='ltr'>deferentem,</span> 
     </span>
     <span class='ocr_line' id='line_1_53' title="bbox 256 2261 679 2310; baseline 0.017 -19"><span class='ocrx_word' id='word_1_221' title='bbox 256 2261 424 2294; x_wconf 81' lang='lat' dir='ltr'>Inimicum</span> <span class='ocrx_word' id='word_1_222' title='bbox 448 2273 512 2296; x_wconf 88' lang='lat' dir='ltr'>non</span> <span class='ocrx_word' id='word_1_223' title='bbox 537 2264 679 2310; x_wconf 85' lang='lat' dir='ltr'>offendit,</span> 
     </span>
    </p>

    <p class='ocr_par' dir='ltr' id='par_1_18' title="bbox 256 2307 750 2355">
     <span class='ocr_line' id='line_1_54' title="bbox 256 2307 750 2355; baseline 0.015 -16"><span class='ocrx_word' id='word_1_224' title='bbox 256 2307 290 2340; x_wconf 90' lang='lat' dir='ltr'>Si</span> <span class='ocrx_word' id='word_1_225' title='bbox 315 2318 408 2349; x_wconf 88' lang='lat' dir='ltr'>quem</span> <span class='ocrx_word' id='word_1_226' title='bbox 434 2312 555 2344; x_wconf 86' lang='lat' dir='ltr'>viderit</span> <span class='ocrx_word' id='word_1_227' title='bbox 580 2314 750 2355; x_wconf 87' lang='lat' dir='ltr'>dolentem,</span> 
     </span>
    </p>
   </div>
   <div class='ocr_carea' id='block_1_16' title="bbox 256 2340 807 2407">
    <p class='ocr_par' dir='ltr' id='par_1_19' title="bbox 256 2340 807 2407">
     <span class='ocr_line' id='line_1_55' title="bbox 256 2340 807 2407; baseline 0.015 -20"><span class='ocrx_word' id='word_1_228' title='bbox 256 2355 338 2388; x_wconf 86' lang='lat' dir='ltr'>Nam</span> <span class='ocrx_word' id='word_1_229' title='bbox 365 2359 407 2390; x_wconf 88' lang='lat' dir='ltr'>ad</span> <span class='ocrx_word' id='word_1_230' title='bbox 432 2359 549 2392; x_wconf 90' lang='lat' dir='ltr'>bonum</span> <span class='ocrx_word' id='word_1_231' title='bbox 574 2360 670 2393; x_wconf 89' lang='lat' dir='ltr'>finem</span> <span class='ocrx_word' id='word_1_232' title='bbox 695 2340 807 2407; x_wconf 62' lang='lat' dir='ltr'>tendit,</span> 
     </span>
    </p>
   </div>
   <div class='ocr_carea' id='block_1_17' title="bbox 255 2403 754 2445">
    <p class='ocr_par' dir='ltr' id='par_1_20' title="bbox 255 2403 754 2445">
     <span class='ocr_line' id='line_1_56' title="bbox 255 2403 754 2445; baseline 0.016 -10"><span class='ocrx_word' id='word_1_233' title='bbox 255 2403 290 2436; x_wconf 87' lang='lat' dir='ltr'>Si</span> <span class='ocrx_word' id='word_1_234' title='bbox 316 2406 385 2445; x_wconf 89' lang='lat' dir='ltr'>quis</span> <span class='ocrx_word' id='word_1_235' title='bbox 410 2407 490 2440; x_wconf 82' lang='lat' dir='ltr'>facit</span> <span class='ocrx_word' id='word_1_236' title='bbox 514 2417 549 2440; x_wconf 88' lang='lat' dir='ltr'>se</span> <span class='ocrx_word' id='word_1_237' title='bbox 575 2408 754 2445; x_wconf 84' lang='lat' dir='ltr'>deflentem.</span> 
     </span>
    </p>
   </div>
   <div class='ocr_carea' id='block_1_18' title="bbox 941 1890 1497 2127">
    <p class='ocr_par' dir='ltr' id='par_1_21' title="bbox 941 1890 1298 1936">
     <span class='ocr_line' id='line_1_57' title="bbox 941 1890 1298 1936; baseline 0.014 -14"><span class='ocrx_word' id='word_1_238' title='bbox 941 1890 992 1922; x_wconf 89' lang='lat' dir='ltr'>De</span> <span class='ocrx_word' id='word_1_239' title='bbox 1016 1895 1106 1924; x_wconf 87' lang='lat' dir='ltr'>tanto</span> <span class='ocrx_word' id='word_1_240' title='bbox 1132 1892 1298 1936; x_wconf 81' lang='lat' dir='ltr'>beneficio,</span> 
     </span>
    </p>

    <p class='ocr_par' dir='ltr' id='par_1_22' title="bbox 945 1938 1448 2026">
     <span class='ocr_line' id='line_1_58' title="bbox 947 1938 1448 1987; baseline 0.016 -17"><span class='ocrx_word' id='word_1_241' title='bbox 947 1938 1012 1971; x_wconf 88' lang='lat' dir='ltr'>Sed</span> <span class='ocrx_word' id='word_1_242' title='bbox 1038 1939 1165 1972; x_wconf 87' lang='lat' dir='ltr'>Christo</span> <span class='ocrx_word' id='word_1_243' title='bbox 1190 1942 1254 1973; x_wconf 90' lang='lat' dir='ltr'>iam</span> <span class='ocrx_word' id='word_1_244' title='bbox 1279 1945 1448 1987; x_wconf 86' lang='lat' dir='ltr'>retribuat,</span> 
     </span>
     <span class='ocr_line' id='line_1_59' title="bbox 945 1986 1391 2036; baseline 0.021 -20"><span class='ocrx_word' id='word_1_245' title='bbox 945 1986 1008 2026; x_wconf 78' lang='lat' dir='ltr'>Qui·</span> <span class='ocrx_word' id='word_1_246' title='bbox 1029 1996 1086 2019; x_wconf 90' lang='lat' dir='ltr'>nos</span> <span class='ocrx_word' id='word_1_247' title='bbox 1110 1989 1279 2023; x_wconf 87' lang='lat' dir='ltr'>mundavit</span> <span class='ocrx_word' id='word_1_248' title='bbox 1303 1992 1391 2036; x_wconf 87' lang='lat' dir='ltr'>vitio,</span> 
     </span>
    </p>

    <p class='ocr_par' dir='ltr' id='par_1_23' title="bbox 944 2033 1321 2082">
     <span class='ocr_line' id='line_1_60' title="bbox 944 2033 1321 2082; baseline 0.019 -18"><span class='ocrx_word' id='word_1_249' title='bbox 944 2033 994 2065; x_wconf 91' lang='lat' dir='ltr'>De</span> <span class='ocrx_word' id='word_1_250' title='bbox 1018 2035 1169 2074; x_wconf 88' lang='lat' dir='ltr'>passione</span> <span class='ocrx_word' id='word_1_251' title='bbox 1195 2036 1321 2082; x_wconf 89' lang='lat' dir='ltr'>defleat,</span> 
     </span>
    </p>

    <p class='ocr_par' dir='ltr' id='par_1_24' title="bbox 945 2080 1497 2127">
     <span class='ocr_line' id='line_1_61' title="bbox 945 2080 1497 2127; baseline 0.022 -15"><span class='ocrx_word' id='word_1_252' title='bbox 945 2080 1044 2120; x_wconf 85' lang='lat' dir='ltr'>Quam</span> <span class='ocrx_word' id='word_1_253' title='bbox 1068 2082 1212 2117; x_wconf 87' lang='lat' dir='ltr'>Christus</span> <span class='ocrx_word' id='word_1_254' title='bbox 1237 2096 1352 2127; x_wconf 86' lang='lat' dir='ltr'>passus</span> <span class='ocrx_word' id='word_1_255' title='bbox 1371 2089 1497 2126; x_wconf 87' lang='lat' dir='ltr'>Pontio.</span> 
     </span>
    </p>
   </div>
   <div class='ocr_carea' id='block_1_19' title="bbox 910 2177 1360 2222">
    <p class='ocr_par' dir='ltr' id='par_1_25' title="bbox 910 2177 1360 2222">
     <span class='ocr_line' id='line_1_62' title="bbox 910 2177 1360 2222; baseline 0.018 -14"><span class='ocrx_word' id='word_1_256' title='bbox 910 2200 918 2208; x_wconf 89' lang='lat'><strong>.</strong></span> <span class='ocrx_word' id='word_1_257' title='bbox 945 2177 1181 2221; x_wconf 81' lang='lat' dir='ltr'>consolabitur,</span> <span class='ocrx_word' id='word_1_258' title='bbox 1206 2184 1360 2222; x_wconf 81' lang='lat' dir='ltr'>gaudebit</span> 
     </span>
    </p>
   </div>
   <div class='ocr_carea' id='block_1_20' title="bbox 938 2225 1456 2460">
    <p class='ocr_par' dir='ltr' id='par_1_26' title="bbox 939 2225 1401 2315">
     <span class='ocr_line' id='line_1_63' title="bbox 940 2225 1401 2276; baseline 0.02 -20"><span class='ocrx_word' id='word_1_259' title='bbox 940 2225 1126 2259; x_wconf 86' lang='lat' dir='ltr'>Passionem</span> <span class='ocrx_word' id='word_1_260' title='bbox 1153 2228 1274 2263; x_wconf 89' lang='lat' dir='ltr'>Christi</span> <span class='ocrx_word' id='word_1_261' title='bbox 1298 2232 1401 2276; x_wconf 86' lang='lat' dir='ltr'>luens,</span> 
     </span>
     <span class='ocr_line' id='line_1_64' title="bbox 939 2272 1334 2320; baseline 0.016 -15"><span class='ocrx_word' id='word_1_262' title='bbox 939 2272 1001 2305; x_wconf 87' lang='lat' dir='ltr'>Ille</span> <span class='ocrx_word' id='word_1_263' title='bbox 1025 2275 1167 2315; x_wconf 88' lang='lat' dir='ltr'>requiem</span> <span class='ocrx_word' id='word_1_264' title='bbox 1192 2277 1334 2320; x_wconf 87' lang='lat' dir='ltr'>habebit,</span> 
     </span>
    </p>

    <p class='ocr_par' dir='ltr' id='par_1_27' title="bbox 938 2320 1444 2459">
     <span class='ocr_line' id='line_1_65' title="bbox 939 2320 1425 2373; baseline 0.025 -23"><span class='ocrx_word' id='word_1_265' title='bbox 939 2320 999 2359; x_wconf 76' lang='lat' dir='ltr'>Qui</span> <span class='ocrx_word' id='word_1_266' title='bbox 1025 2324 1056 2353; x_wconf 84' lang='lat' dir='ltr'>et</span> <span class='ocrx_word' id='word_1_267' title='bbox 1081 2323 1115 2353; x_wconf 92' lang='lat' dir='ltr'>in</span> <span class='ocrx_word' id='word_1_268' title='bbox 1141 2325 1238 2356; x_wconf 85' lang='lat' dir='ltr'>corde</span> <span class='ocrx_word' id='word_1_269' title='bbox 1265 2325 1425 2373; x_wconf 88' lang='lat' dir='ltr'>deferens,</span> 
     </span>
     <span class='ocr_line' id='line_1_66' title="bbox 939 2357 1456 2421; baseline 0.024 -22"><span class='ocrx_word' id='word_1_270' title='bbox 939 2367 1044 2400; x_wconf 87' lang='lat' dir='ltr'>Iesum</span> <span class='ocrx_word' id='word_1_271' title='bbox 1072 2369 1296 2414; x_wconf 89' lang='lat' dir='ltr'>Christumque</span> <span class='ocrx_word' id='word_1_272' title='bbox 1320 2357 1456 2421; x_wconf 65' lang='lat' dir='ltr'>videb’it,</span> 
     </span>
     <span class='ocr_line' id='line_1_67' title="bbox 938 2416 1433 2460; baseline 0.029 -14"><span class='ocrx_word' id='word_1_273' title='bbox 938 2416 1000 2456; x_wconf 79' lang='lat' dir='ltr'>Qui</span> <span class='ocrx_word' id='word_1_274' title='bbox 1023 2416 1141 2450; x_wconf 91' lang='lat' dir='ltr'>bonum</span> <span class='ocrx_word' id='word_1_275' title='bbox 1167 2423 1216 2452; x_wconf 88' lang='lat' dir='ltr'>est</span> <span class='ocrx_word' id='word_1_276' title='bbox 1240 2424 1433 2460; x_wconf 86' lang='lat' dir='ltr'>retribuens.</span> 
     </span>
    </p>
   </div>
  </div>
 </body>
</html>
