1651 2700
737 158 777 162 --
830 138 896 173 14ίὶ
947 158 991 162 -

219 240 250 272 3.
277 239 357 280 Ave,
384 237 439 277 qui
463 235 609 277 gratifica
902 236 935 268 4.
959 235 1041 275 Ave,
1067 234 1166 266 vitam
1190 232 1324 264 mortuis

324 285 442 318 Gaecos
467 284 622 324 sospitate
1012 282 1161 315 Pluribus
1187 280 1333 312 modesta

278 334 401 367 Curans
425 342 443 364 a
467 330 597 363 ‘tabifica
960 331 1018 370 Qui
1047 330 1165 362 virtute
1189 327 1316 368 tribum,

324 380 424 413 Sanas
451 379 615 419 caecitate,
1011 379 1066 411 Me
1092 378 1154 410 duc
1179 376 1220 408 ad
1247 375 1391 415 honesta,

276 428 471 460 Succurrens
495 426 632 459 mirifica
720 432 723 435 '
962 425 1033 458 Non
1059 425 1144 457 mala
1168 433 1238 457 cum
1265 422 1363 454 fatuis

322 476 392 508 Tua
413 475 535 516 pietate
1010 473 1146 505 Subeam
1171 471 1308 511 funesta,

276 523 327 555 Ab
354 523 440 555 omni
464 521 608 555 salvifica
964 520 1040 553 Cum
1066 520 1184 552 sanctis
1210 518 1394 559 praecipuis

323 571 378 603 Me
401 571 580 610 iniquitate.
1010 569 1071 600 Dei
1097 577 1189 608 agam
1216 565 1309 599 festa.

607 638 636 669 5.
663 637 746 675 Ave,
772 636 868 667 morti
894 635 1042 667 subderis

711 683 845 722 Quando
870 684 1077 725 transiturae,

663 731 793 764 Christo
819 731 929 763 statim
957 730 1097 771 iungeris

713 777 916 817 Conregnans
942 786 1064 820 secure,

663 825 748 866 Tibi,
775 825 859 856 sieut
883 826 1015 867 poteris,

710 873 846 912 Iungere
870 873 912 904 sit
938 881 1034 904 curae

661 920 717 952 Me
741 920 836 958 vitae,
864 929 926 960 qua
950 918 1078 961 frueris,

711 967 845 1007 Semper
869 977 1109 1007 permansurae.

279 1035 305 1061 A
326 1035 375 1062 fol.
396 1033 432 1061 79
442 1043 468 1062 a.
490 1049 527 1053 —
549 1033 605 1061 cfr.
627 1033 714 1060 Anal.
735 1034 790 1065 111,
813 1030 875 1060 186.

644 1126 690 1157 68.
731 1126 775 1157 De
795 1126 902 1157 saneto
923 1125 1082 1157 Mauritio.

222 1197 253 1230 1.
279 1197 359 1234 Ave,
388 1196 452 1228 dux
477 1196 685 1239 sanctissime,
905 1199 936 1230 3.
962 1198 1033 1228 Ave
1057 1200 1101 1239 tu,
1129 1196 1182 1236 qui
1207 1197 1343 1228 mitteris

326 1243 470 1285 Mam-iti,
495 1244 663 1275 Thebaeae
1012 1244 1066 1276 Ad
1092 1253 1185 1284 opem
1211 1253 1345 1284 pagane,

281 1290 432 1331 Legionis
457 1291 615 1322 maximae
963 1293 1102 1324 Parcere
1126 1292 1300 1323 remitteris

326 1338 371 1369 Et
396 1338 477 1369 caeli
502 1339 645 1375 choreae,
1012 1340 1066 1372 nli
1092 1340 1190 1371 corde
1214 1348 1303 1379 sano,

280 1385 332 1417 Da
355 1385 490 1417 virtutes
516 1386 640 1418 animae
967 1386 1072 1427 Solve,
1100 1387 1173 1427 quia
1198 1387 1332 1428 poteris,

327 1433 397 1464 Tua
421 1442 517 1472 prece
542 1442 641 1475 meae,
1012 1435 1068 1467 Me
1095 1435 1135 1466 de
1158 1435 1278 1467 mundo
1303 1444 1397 1473 vano.

282 1479 326 1512 Ut
350 1489 414 1512 non
439 1479 514 1512 fiam
539 1481 662 1513 bestiae
965 1482 1012 1514 Ut,
1037 1483 1145 1522 vitam,
1173 1492 1236 1522 qua
1261 1480 1389 1523 frueris,

328 1527 439 1559 Socius
464 1528 577 1560 leteae.
1015 1530 1117 1562 Cursu
1142 1539 1272 1570 carpam
1294 1531 1402 1570 plano.

223 1596 252 1626 2.
280 1595 349 1626 Ave
375 1603 444 1625 cum
471 1595 615 1626 exercitu
907 1598 938 1629 4.
965 1599 1045 1637 Ave,
1074 1607 1143 1629 cum
1170 1597 1370 1629 consortibus

328 1642 378 1673 Tu
402 1642 456 1682 qui
482 1642 656 1682 baptizaris
1039 1646 1098 1685 Qui
1124 1646 1240 1677 collum
1267 1646 1415 1677 extendis

281 1689 349 1721 Tuo
375 1692 407 1721 et
430 1690 464 1721 in
489 1690 604 1729 spiritu
965 1693 1010 1725 Et
1034 1702 1092 1732 pro
1117 1693 1380 1734 permanentibus

328 1736 443 1769 Sancto
468 1738 644 1780 renovaris,
1015 1741 1204 1773 Transitura
1225 1741 1350 1781 vendis,

278 1784 329 1815 Ee
354 1793 479 1825 mergar
504 1786 536 1817 in
564 1786 701 1817 transitu
965 1789 1021 1820 Me
1045 1788 1085 1821 ab
1110 1788 1323 1821 infernalibus

329 1832 432 1864 Huius
457 1833 568 1865 mundi
594 1834 702 1873 maris,
1015 1836 1117 1876 Eripe
1142 1837 1286 1869 emendis

282 1880 419 1911 Caelesti
442 1889 493 1911 me
518 1881 630 1912 habitu
969 1884 1157 1916 Emundans
1182 1885 1222 1916 ab
1245 1885 1390 1916 omnibus

327 1927 421 1970 Orna,
449 1937 509 1968 quo
535 1930 670 1961 ornaris.
1016 1933 1225 1965 peccatorum
1251 1933 1386 1967 mendis,

611 1998 641 2029 5.
669 1998 749 2040 Ave,
777 1999 830 2038 qui
856 1999 898 2031 ad
922 2000 1030 2031 sidera

718 2045 914 2079 Conscendis
939 2048 1085 2087 polorum

668 2092 746 2125 Cum
771 2095 867 2126 turba
892 2096 1059 2128 innumera

716 2142 873 2174 Comitum
899 2146 1036 2186 tuorum,

664 2189 719 2221 Ad
744 2194 870 2230 gustum
899 2201 950 2223 me
974 2201 1116 2232 propera

713 2238 815 2270 Ferre
840 2240 1030 2280 gaudiorum

667 2285 730 2319 Sic.
757 2289 794 2318 ut
817 2288 878 2319 sim
903 2288 937 2320 in
960 2288 1066 2321 libera

715 2334 809 2366 Sorte
834 2335 1011 2369 beatorum.

208 2395 390 2461 Chrissiffiis..
402 2394 473 2425 13b.
494 2413 533 2418 —
561 2397 586 2433 1,
606 2398 624 2425 7
652 2399 703 2426 der
722 2402 846 2428 uni-eine
866 2402 951 2429 Reim
972 2403 1124 2454 bestia-e
1143 2405 1185 2431 ist,
1203 2413 1280 2441 ganz
1300 2407 1463 2434 vereinzelt
1481 2408 1531 2436 bei
