1651 2700
665 139 931 174 —229—

149 235 182 267 9.
213 233 341 267 Caritas
367 234 417 266 est
443 230 499 278 [et]
525 233 668 277 humilis,

211 283 288 323 Ipsa
311 282 534 323 neminemque
558 282 672 325 laedit,

210 331 274 363 Est
300 331 469 371 dulcisque
492 329 655 362 flectibilis

207 378 304 412 Haec
326 379 545 419 nobiliterque
569 378 664 420 gerit,

210 427 272 459 Est
296 427 426 467 lataque
451 426 610 469 amabilis,

210 475 262 508 Ea
284 475 489 508 sanctitatem
514 475 651 516 quaerit.

849 238 902 270 10.
932 236 970 270 In
996 239 1134 271 caritate
1157 240 1349 280 permanens

929 286 994 318 Hic
1017 287 1063 319 in..
1076 286 1146 319 Deo
1173 289 1398 328 commoratur,

930 335 968 366 In
995 334 1067 375 ipso
1094 337 1144 368 est
1167 335 1368 376 omnipotens

930 381 975 413 Et
999 382 1033 414 in
1060 391 1096 415 eo
1123 383 1368 425 contemplatur,

928 429 989 461 Est
1014 430 1086 470 ipsa
1108 431 1212 462 virtus
1237 431 1440 474 praevalens,

932 477 1009 510 Sine
1034 487 1097 519 qua
1121 487 1213 511 nemo
1239 479 1393 512 salvatur.

445 586 493 617 69.
534 585 673 626 Hymnus
696 586 733 618 de
756 586 894 618 caritate
915 588 948 618 et
969 587 1160 628 elemosyna.

172 702 179 710 .
208 676 295 717 Quid
321 677 410 708 valet
433 685 522 719 cena,
549 677 732 719 prandium,

211 725 245 757 Si
272 734 335 757 non
362 728 410 757 est
435 725 481 756 ibi
508 725 637 766 caritas,

209 772 243 806 Si
269 782 333 805 non
361 775 410 805 est
434 782 524 805 amor
549 782 728 814 pauperum

206 822 252 854 Et
275 821 408 862 inopum
435 820 643 862 benignitas?

206 870 276 902 Iam
301 879 367 902 non
396 872 446 902 est
469 869 517 901 ibi
541 869 704 912 gaudium,

207 917 241 950 Si
265 926 330 950 non
356 921 407 950 est
430 917 500 949 illic
524 918 670 959 largitas,

173 1041 180 1048 .
212 1014 397 1056 Carissime,
424 1014 502 1054 quid
528 1014 680 1056 sanctius,

208 1062 311 1101 Quam
338 1063 418 1094 dare
442 1062 673 1103 indigentibus,

207 1110 253 1142 Et
277 1110 355 1150 quid
380 1110 415 1142 in
439 1110 559 1142 mundo
585 1109 723 1149 amplius

206 1157 336 1189 Vestire
360 1158 483 1189 nudum
508 1157 662 1199 vestibus,

208 1205 292 1245 Quid
319 1205 507 1247 pretiosum,
534 1205 653 1247 carius,

207 1253 310 1293 Quam
338 1253 497 1285 consolari
520 1251 698 1285 flentibus?

170 1376 179 1383 .
205 1349 291 1382 Dum
317 1352 353 1381 tu
379 1349 527 1381 consistis
549 1349 675 1381 iuvenis

201 1398 249 1430 Et
273 1401 308 1429 tu
329 1397 488 1430 iucundus
513 1406 694 1439 permanes,

205 1446 325 1479 Beatus
353 1454 397 1487 es,
424 1445 452 1477 si
477 1445 629 1477 subvenis

205 1494 251 1526 Et
274 1493 426 1527 sublevas
452 1496 487 1525 tu
511 1494 636 1538 inopes,

204 1542 256 1575 Sis
283 1551 412 1582 semper
436 1541 534 1584 mitiS,
561 1541 703 1584 humilis,

202 1590 252 1622 Tu
278 1591 320 1623 ad
347 1590 486 1622 salutem
511 1590 632 1624 venies.

205 1674 233 1710 4,
255 1674 273 1703 5
296 1684 327 1703 es
348 1680 477 1712 requies.
499 1690 536 1694 —
557 1673 583 1710 6,
608 1674 623 1703 1
646 1676 733 1710 Quid.

846 679 878 712 4.
905 678 955 710 Tu
980 687 1140 719 pauperes
1165 687 1207 711 ne
1233 683 1383 711 conteras

905 726 966 758 Vel
992 727 1126 760 miseros
1152 735 1193 760 ne
1215 726 1353 767 affligas,

909 774 981 807 Non
1005 774 1048 806 sit
1072 774 1205 807 robusta
1231 773 1341 814 facies,

904 822 971 854 Eos
996 823 1144 862 placatus
1168 823 1293 862 audias

905 871 970 903 Per
993 874 1026 902 te
1051 871 1094 903 sit
1119 870 1165 902 eis
1190 871 1329 911 requies,

906 918 973 950 Sibi
999 918 1113 959 largiri
1137 918 1249 952 facias.

869 1039 877 1046 .
903 1015 940 1047 In
967 1014 1103 1046 circuitu
1128 1015 1236 1046 oculos

903 1063 971 1094 Iam
996 1062 1069 1094 leva
1094 1065 1139 1103 tu,
1167 1062 1343 1102 carissime,

900 1110 1071 1149 Despicias
1097 1113 1132 1140 tu
1157 1110 1305 1149 populos,

905 1157 1104 1198 Congemunt
1128 1157 1336 1196 amarissime,

903 1206 953 1237 'l'u
978 1214 1051 1237 ama
1074 1205 1137 1237 Dei
1160 1205 1305 1237 servulos

902 1253 948 1285 Et
973 1262 1051 1294 gere
1077 1253 1335 1285 clementissime.

867 1376 874 1383 .
904 1350 996 1389 Quod
1022 1350 1211 1391 temporale,
1238 1349 1388 1389 perditur

899 1398 944 1430 Et
970 1397 1062 1438 quasi
1086 1398 1188 1430 nubes
1214 1398 1336 1438 vanuit‚

902 1446 993 1486 Quod
1018 1446 1053 1483 in
1080 1446 1198 1479 divinis
1224 1446 1357 1487 geritur,

900 1494 1070 1527 Altissimo
1097 1494 1300 1535 complacuit,

899 1542 1020 1575 Beatus
1046 1542 1107 1584 vir,
1134 1543 1188 1583 qui
1213 1543 1359 1582 sequitur

900 1591 1114 1631 Supernaque
1136 1600 1200 1623 non
1228 1590 1378 1630 despicit.

500 1780 548 1811 70.
589 1780 726 1820 Hymnus
748 1779 831 1812 alius
855 1789 952 1822 super
973 1780 1089 1812 eodem.

166 1895 176 1903 .
202 1870 306 1902 Deum
332 1878 441 1902 amore
468 1870 596 1912 diligas,

199 1919 281 1951 Eius
306 1927 402 1951 serva
428 1922 463 1950 tu
488 1919 651 1962 mandata,

198 1967 304 2000 Deum
331 1967 476 2000 subiecte
502 1968 627 2009 timeas,

196 2016 242 2049 Et
266 2016 310 2048 sit
334 2016 442 2049 anima
467 2016 633 2059 mundata,

196 2065 246 2097 Tu
271 2063 406 2097 fratrem
429 2074 494 2097 non
520 2065 653 2107 abicias,

196 2113 262 2146 Sed
288 2114 332 2146 sit
356 2113 476 2145 caritas
502 2113 608 2147 beata.

160 2236 168 2244 .
195 2211 268 2244 Non
295 2211 420 2243 iudices
446 2215 482 2243 tu
506 2211 691 2252 proximum

194 2260 266 2292 Nec
291 2260 359 2292 eius
385 2260 472 2292 mala
499 2260 641 2302 detegas,

196 2308 262 2341 Sed
286 2309 392 2349 ipsum
417 2318 491 2341 ama
515 2309 650 2341 nimium

195 2358 410 2398 Fratremque
435 2356 500 2390 fide
524 2360 689 2399 protegas,

196 2405 248 2438 Da
271 2405 400 2446 sibique
424 2406 636 2447 praesidium,

196 2453 288 2486 Sicut
312 2456 345 2486 te
370 2454 476 2496 ipsum
505 2454 633 2495 diligas.

840 1872 872 1906 3.
900 1871 976 1904 Non
1001 1873 1082 1913 eget,
1109 1871 1163 1912 qui
1190 1872 1246 1904 dat
1269 1871 1416 1914 pauperi,

897 1920 958 1961 Qui
983 1919 1132 1962 seminat,
1159 1919 1331 1962 recolligit,

896 1969 1070 2011 Lucratur,
1097 1969 1151 2009 qui
1178 1969 1234 2004 dat
1256 1968 1357 2009 inopi,

895 2017 1015 2050 Beatus
1042 2018 1102 2058 vir,
1129 2017 1184 2058 qui
1209 2017 1370 2059 subvenit,

896 2066 940 2099 Et
965 2066 1018 2098 hic
1043 2066 1202 2099 adhaeret
1226 2066 1351 2108 lumini,

897 2115 956 2154 Qui
980 2114 1071 2147 litem
1097 2113 1212 2147 fratris
1238 2114 1371 2148 dirimit.

863 2239 870 2246 .
899 2211 1075 2244 Caritatem
1101 2211 1275 2244 habeamus

895 2260 1000 2292 Deum
1028 2262 1170 2292 nostrum
1199 2259 1380 2302 diligentes,

895 2308 999 2341 Deum
1025 2310 1172 2340 sanctum
1198 2308 1378 2350 timeamus,

896 2356 1001 2390 Simus
1026 2356 1209 2397 proximum
1234 2359 1391 2398 amantes,

895 2404 963 2437 Nos
989 2405 1032 2438 ad
1057 2404 1161 2437 Deum
1189 2405 1357 2437 redeamus

895 2453 1129 2486 Paenitentiam
1156 2456 1298 2495 agentes,
