1651 2700
212 235 243 268 3.
269 234 350 274 Ave,
378 238 410 266 te
434 235 621 267 vocantibus

267 282 312 314 Et
335 282 590 322 periclitantibus

317 330 375 369 Qui
401 331 478 362 ades
503 331 657 373 volenter,

266 377 335 409 Tua
359 386 399 409 ne
423 378 590 417 provincia

266 425 381 457 Pereat
404 425 523 467 inedia,

312 472 431 504 Panem
457 473 514 505 (las
538 474 715 513 prudenter
727 485 733 514 ς

264 520 295 552 A
321 521 444 560 peccati
470 521 607 554 vinculis

267 568 461 608 Gunctisque
485 569 636 608 periculis

314 614 410 647 Salva
433 624 485 647 me
509 619 663 660 recenter,

267 662 338 694 Non
364 663 461 695 Satan
487 672 537 694 me
561 667 683 695 terreat

265 709 378 750 Neque
402 711 519 742 malum
544 711 674 743 sorbeat

310 757 407 790 Ultra
431 758 596 791 violenter.

231 849 237 856 .
263 824 335 855 Ave
360 826 404 866 tu,
432 825 484 864 qui
510 823 615 856 fatuas

264 871 339 903 Zelo
365 871 427 903 Dei
452 875 573 904 statuas

310 918 448 959 Frangis
474 919 643 960 idolorum,

264 965 428 997 Mortuum
456 968 627 999 resuscitas

261 1012 306 1044 Et
330 1013 364 1044 in
389 1012 488 1046 fundo
514 1015 624 1046 visitas

309 1060 452 1092 Mersum
477 1059 664 1102 fluviorum3

725 140 986 175 -148—

954 236 1068 269 Cordis
1094 237 1157 268 mei
1183 236 1301 270 frivola

951 284 1091 316 Tuorum
1116 284 1149 316 vi
1174 285 1263 316 idola

999 331 1127 372 Frange
1151 332 1347 369 meritorum,

950 379 1007 413 Me
1034 380 1073 411 de
1099 380 1194 420 culpa
1219 380 1339 412 suscita

950 427 994 459 Et
1018 427 1051 458 in
1077 428 1150 459 lacu
1176 428 1271 460 visita

998 474 1158 507 Malorum
1184 484 1337 509 meorum.

917 568 923 575 .
951 544 1032 583 Ave,
1059 552 1132 574 nam
1160 543 1201 575 de
1226 544 1348 575 tumulo

950 590 1018 622 Tuo
1044 588 1148 622 fluunt
1172 591 1284 623 sedulo

998 638 1069 671 Olei
1094 638 1235 678 liquores

951 685 1106 717 Sanantes
1130 686 1326 726 hydropicos

949 734 1057 772 Atque
1082 734 1270 774 epilepticos

999 780 1198 821 Cunctosque
1225 782 1373 821 dolores;

951 827 1036 859 Sana
1062 837 1137 870 ergo
1163 829 1270 861 omnia

949 874 1069 907 Mentis
1094 885 1184 908 meae
1209 877 1289 909 vitia

997 922 1042 954 Et
1067 924 1173 955 carnis
1198 924 1379 965 languores,

951 970 1034 1002 Mihi
1057 971 1169 1003 mundi
1195 980 1349 1011 spernere

950 1017 1001 1049 Da
1028 1021 1060 1049 et
1085 1019 1166 1051 caeli
1192 1028 1326 1059 carpere

995 1065 1133 1098 Fructus
1157 1067 1326 1107 gratiores.

265 1116 292 1142 A
311 1115 360 1143 fol.
385 1114 456 1144 7911.
479 1131 515 1135 —
536 1115 562 1151 2,
586 1115 620 1144 12
643 1126 728 1153 quem
747 1120 807 1146 iam
827 1120 936 1147 vicisti.
957 1136 995 1140 —
1016 1120 1073 1149 Gfr.
1094 1122 1179 1150 Anal.
1199 1123 1254 1155 111,
1277 1121 1344 1150 191.

621 1192 662 1222 71.
703 1191 746 1222 De
766 1194 873 1224 sancto
894 1193 1072 1225 Pancratio.

229 1272 236 1280 .
265 1249 345 1287 Ave,
372 1258 390 1281 0
418 1250 601 1282 dulcissime

313 1297 463 1328 Pancrati
489 1302 623 1340 sacrate,

262 1343 400 1375 Odorem
425 1345 625 1384 gratissimae

310 1391 403 1423 Vitae
428 1401 582 1432 spargens
607 1394 682 1438 late,

260 1437 323 1469 Pro
349 1439 452 1470 salute
474 1441 598 1472 animae

307 1485 401 1517 Meae
426 1490 548 1518 scutum
576 1489 617 1520 da
641 1491 683 1530 te,

261 1532 341 1563 Mihi
368 1542 471 1565 mores
496 1535 645 1575 imprime

309 1580 399 1612 litae
426 1582 611 1617 caelibatae,

224 1668 233 1678 .
258 1647 338 1687 Ave:
366 1648 522 1687 pueritiae

308 1694 366 1733 Qui
390 1698 637 1729 transscendens
658 1698 739 1741 iura,

260 1740 406 1774 Subdens
431 1743 489 1775 sub
515 1745 650 1777 militiae

303 1789 398 1821 Fidei
423 1794 455 1822 te
480 1800 564 1830 cura,

258 1836 311 1868 Ab
337 1838 438 1869 omnis
463 1840 604 1872 malitiae

304 1884 360 1915 Me
385 1893 516 1918 servans
541 1891 662 1930 ustura,

257 1930 301 1963 Ut
327 1940 456 1972 regnem
481 1935 514 1966 in
539 1936 649 1975 requie

308 1978 384 2011 Cum
412 1980 536 2014 Christo
563 1988 706 2017 ventura.

889 1256 920 1288 3.
947 1255 1027 1295 Ave,
1054 1257 1179 1295 spernis
1203 1257 1293 1289 idola

997 1304 1055 1341 Qui
1081 1304 1180 1336 surda
1201 1297 1238 1335 'et
1261 1308 1359 1348 muta,

945 1347 984 1382 In
1012 1351 1125 1390 quibus
1150 1350 1239 1383 fraus
1265 1353 1403 1385 subdola

993 1398 1089 1430 Latet
1114 1401 1146 1430 et
1170 1402 1310 1441 versuta,

946 1445 1011 1477 Pro
1036 1455 1087 1477 me
1108 1455 1221 1486 preces
1244 1448 1375 1480 immola

993 1493 1174 1534 Hostesque
1201 1494 1343 1537 confuta,

943 1541 1027 1573 Acta
1052 1550 1124 1574 mea
1149 1541 1267 1575 frivola

992 1589 1028 1621 In
1056 1589 1173 1621 bonum
1200 1594 1369 1627 commuta.

883 1654 915 1687 4.
941 1655 1023 1697 Ave,
1049 1658 1083 1688 tu
1110 1657 1162 1697 qui
1187 1659 1341 1698 sanguine

991 1703 1059 1735 Tuo
1086 1706 1259 1748 coronaris,

943 1749 1026 1783 Nam
1052 1760 1111 1791 pro
1139 1752 1261 1786 Christi
1287 1755 1415 1787 nomine

993 1799 1106 1840 Capite
1131 1801 1281 1845 privaris,

944 1845 1069 1879 Devoto
1094 1848 1255 1881 iuvamine

994 1895 1212 1936 Precibusque
1237 1898 1333 1930 claris

944 1941 1077 1974 Illustra
1102 1952 1153 1975 me
1177 1944 1298 1977 lumine

989 1989 1062 2032 Dei,
1090 2000 1151 2031 quo
1177 1992 1319 2028 laetaris,

587 2051 617 2082 5.
644 2051 715 2083 Ave
739 2054 784 2093 tu,
810 2055 966 2094 martyrio

688 2099 747 2139 Qui
773 2109 806 2132 es
833 2106 1069 2136 consummatus

639 2146 683 2178 Et
707 2147 741 2179 in
767 2149 975 2183 contubernio

689 2194 878 2229 Sanctorum
903 2199 1038 2241 locatuS,

640 2242 783 2287 Praesta,
809 2245 863 2285 pio
889 2247 996 2280 studio

685 2291 731 2324 Ut
754 2293 802 2325 tui
828 2298 979 2335 precatus

636 2338 674 2370 In
698 2340 767 2379 poli
792 2342 852 2373 sim
878 2344 958 2376 solio

683 2387 757 2420 Tibi
781 2390 932 2424 sociatus.

255 2425 283 2452 A
302 2425 351 2453 fol.
376 2425 410 2454 13
418 2429 445 2456 b.
